2083 3287
263 195 335 238 142

288 312 366 339 This
389 320 499 347 proves

281 347 346 374 that
366 347 509 381 intellect,

343 382 446 408 which

293 416 447 451 perceives
469 417 505 444 all

341 451 447 486 beings

271 485 436 521 distinctly,
453 486 508 513 has

268 528 307 546 no
329 529 442 554 organ3
463 521 521 547 and

276 556 340 581 that
359 556 518 583 wherever

310 590 393 617 there
414 591 439 617 is
461 598 477 616 a

322 625 473 660 receptive

262 659 375 694 faculty
396 660 480 686 there
501 660 527 687 is

265 702 280 720 a
301 694 472 721 maximum
494 696 529 722 ot'

310 729 477 764 recepti0n‚

305 763 378 791 both
399 772 432 791 as
452 769 483 791 to

288 799 420 826 number
440 799 498 826 and

262 833 408 869 intensity
429 834 463 860 of
480 834 529 860 the

260 868 357 895 forms
379 868 527 895 received.

275 902 387 930 Return
409 907 440 930 to
460 903 511 930 the

277 938 358 964 main
381 937 516 973 subject:

270 973 320 999 the
341 972 521 999 distinction

271 1007 405 1034 between
427 1007 523 1034 active

295 1042 354 1069 and
377 1043 500 1081 passive

293 1085 399 1111 power
419 1085 444 1104 15
466 1082 495 1103 at

264 1111 350 1138 fault.
372 1112 524 1139 Whether

318 1147 416 1174 active
436 1155 472 1173 or

295 1182 430 1220 passive.
446 1181 496 1220 the

297 1224 404 1252 power
423 1225 450 1243 15
471 1224 501 1243 111

305 1259 364 1287 any
384 1259 452 1278 case
472 1259 488 1278 a

345 1289 443 1319 form.

262 1320 330 1348 The
351 1326 493 1355 strongcr
514 1329 529 1347 a

304 1364 374 1383 man
396 1356 421 1383 is
441 1357 491 1383 the

276 1399 362 1418 more
381 1391 470 1418 work
491 1391 527 1418 he

307 1433 361 1452 can
385 1426 494 1453 suffer.

273 1460 362 1495 Sight
382 1460 408 1487 is
429 1460 527 1487 active

270 1496 329 1522 and
352 1495 474 1530 passive
494 1500 523 1522 at

353 1538 441 1557 once.

267 1564 334 1592 The
355 1573 480 1592 essence
501 1565 535 1592 ot*

261 1600 347 1627 these
369 1608 490 1634 powers
512 1602 537 1627 15

284 1635 440 1670 1116311631,
463 1635 515 1662 but

296 1669 346 1696 the
368 1670 457 1705 point
477 1670 512 1697 of

304 1705 383 1731 view
403 1705 484 1732 from

301 1740 403 1766 which
424 1740 495 1775 they

270 1782 321 1801 are
341 1774 523 1802 considered

296 1810 322 1836 is
343 1809 494 1837 different.

272 1845 343 1871 And
366 1853 398 1871 as
420 1853 436 1871 a
458 1845 528 1877 fact,

287 1880 337 1905 the
358 1879 456 1906 world
478 1880 504 1907 is

278 1914 327 1940 the
349 1914 519 1941 niaximum

289 1948 323 1975 of
340 1957 397 1976 our
419 1949 510 1984 sight,

264 1984 322 2010 and
345 1984 410 2010 also
430 1985 464 2010 ot'
482 1993 539 2011 our

324 2027 429 2052 power
449 2020 484 2045 ot'

312 2053 487 2088 producing

339 2089 466 2123 change.

270 2227 371 2254 There
393 2231 476 2254 must
496 2228 531 2254 be

288 2271 375 2289 some
396 2263 474 2289 limit
492 2278 524 2282 —-

345 2298 461 2332 though

325 2333 481 2359 unknown

339 2372 368 2393 to
389 2375 425 2393 115
445 2383 478 2386 --

321 2406 351 2428 to
372 2401 422 2428 the
443 2402 492 2428 aid

304 2437 392 2471 given
413 2441 444 2463 to
465 2437 514 2463 the

283 2479 389 2507 power
410 2471 445 2497 of
461 2479 520 2506 any

326 2510 473 2533 creature.

276 2540 437 2575 Whether‚
458 2549 486 2567 v.
508 2549 535 2575 g.

305 2575 372 2610 pigs
394 2583 448 2602 can
470 2575 509 2611 fly

290 2610 521 2645 miraculously,

283 2645 309 2671 15
331 2646 382 2671 but
403 2653 417 2672 a
439 2645 526 2671 small

354 2680 456 2714 thing;

994 198 1218 232 „IOHANNIS
1249 198 1431 232 WYCLIF
1692 197 1781 225 CAP.
1803 193 1870 226 vit.

550 305 795 354 particulari.
843 308 891 341 Et
932 319 1002 354 per
1034 307 1142 343 illam
1179 307 1555 345 consideracionem
1589 310 1785 356 probatur
1816 309 1874 345 in-

550 365 732 400 tellectus
785 364 997 401 cuiuslibet
1028 365 1128 402 entis
1162 365 1349 402 distincte
1388 366 1640 414 perceptivus
1679 380 1760 404 non
1792 380 1875 404 esse

550 422 777 470 organicus,
820 424 863 458 In
898 422 1043 470 quibus
1076 423 1264 460 omnibus
1297 433 1407 472 patet
1441 426 1563 473 quod,
1598 425 1691 461 data
1717 425 1875 474 capaci-

550 488 645 530 tate,
687 481 819 516 danda
852 490 909 516 est
949 480 1124 518 maxima
1159 481 1377 518 multitudo
1416 483 1544 519 forme
1578 484 1713 531 quoad
1742 492 1876 532 partes

551 538 839 586 quantitativas
873 547 910 575 et
943 541 1078 587 quoad
1112 539 1287 576 diversas
1323 540 1493 588 species:
1543 541 1716 577 maxima
1747 542 1873 578 eciam

550 596 724 633 intensio
758 605 795 632 et
829 596 1003 633 maxima
1038 597 1283 635 diuturnitas
1317 598 1512 647 temporis
1547 611 1617 645 per
1649 601 1759 647 quod
1793 612 1876 635 ma-

551 654 650 691 teria
683 654 814 702 prima
848 663 979 703 potest
1012 655 1147 692 taliter
1178 657 1454 696 transmutari.
1503 658 1594 694 Ideo
1628 657 1796 694 materia
1821 666 1877 694 est

551 712 786 749 omnimode
830 713 1015 760 potencie
1060 713 1182 753 finite.
1230 716 1307 751 Sed
1340 727 1421 752 non
1455 716 1567 752 obest
1600 724 1755 764 partem
1789 716 1877 763 plus

552 782 635 806 esse
668 771 866 818 passivam
900 784 972 808 suo
1005 780 1104 808 toto.

609 830 830 865 Redeundo
864 841 958 877 ergo
992 831 1041 866 ad
1066 830 1336 881 propositum7
1371 830 1519 867 dicitur
1542 832 1650 879 quod
1673 843 1754 867 non
1778 832 1877 868 bene

550 886 812 934 distinguitur
864 887 1050 935 potencia
1103 888 1232 925 activa
1277 902 1299 925 a
1354 889 1543 937 potencia
1595 889 1753 937 passiva
1805 902 1876 937 per

550 944 823 981 differenciam
858 945 1082 984 recitatam.
1130 947 1207 983 Sed
1242 940 1428 994 potencia
1474 947 1603 984 activa
1643 956 1699 983 est
1747 948 1877 984 forma

551 1015 629 1050 qua
663 1003 896 1040 substancia
931 1012 987 1040 est
1010 1004 1235 1041 formaliter
1259 1005 1399 1041 activa.
1435 1007 1484 1041 Et
1507 1005 1696 1053 potencia
1720 1005 1877 1053 passiva

551 1070 608 1096 est
641 1061 770 1098 forma
803 1074 882 1110 qua
916 1062 1147 1099 substancia
1182 1071 1238 1098 est
1263 1063 1487 1099 formaliter
1510 1063 1680 1111 passiva.
1716 1065 1764 1099 Et
1787 1063 1877 1100 talis

550 1127 717 1155 vocatur
775 1119 970 1156 habitudo
1016 1122 1066 1156 ad
1117 1122 1316 1168 agendum
1363 1122 1423 1157 vel
1472 1121 1737 1169 paciendum„
1773 1123 1879 1158 Nota

551 1185 687 1213 tamen
720 1179 830 1225 quod
862 1177 903 1213 in
935 1178 1047 1214 omni
1081 1179 1239 1215 obiecto
1273 1192 1353 1227 quo
1386 1179 1619 1216 substancia
1662 1188 1719 1216 est
1752 1179 1878 1227 possi-

553 1234 655 1280 bilis,
689 1244 821 1283 potest
844 1248 962 1284 agere
997 1245 1034 1272 et
1068 1245 1253 1279 econtra;
1287 1247 1330 1273 ut
1352 1237 1465 1274 fortis
1490 1238 1612 1274 homo
1636 1246 1767 1286 potest
1790 1238 1879 1285 plus

553 1292 637 1340 pati
670 1294 894 1331 laborando
931 1307 1052 1342 quam
1087 1296 1203 1331 datus
1237 1295 1421 1342 debilior,
1457 1305 1493 1332 et
1526 1295 1630 1331 idem
1663 1297 1786 1332 homo
1810 1295 1879 1344 qui

553 1360 684 1399 potest
727 1352 844 1388 oculo
891 1353 982 1400 plus
1031 1352 1236 1400 diaphano
1282 1353 1459 1401 recipere
1505 1354 1679 1402 speciem
1712 1353 1879 1390 visibilis

553 1418 685 1457 potest
718 1410 807 1457 plus
841 1410 969 1447 active
1001 1410 1135 1447 videre
1159 1410 1290 1458 ipsum
1316 1411 1436 1448 idem.
1470 1411 1605 1448 Virtus
1629 1411 1734 1448 enim
1757 1411 1879 1449 visiva

554 1476 610 1503 est
643 1476 725 1503 tam
760 1468 890 1505 activa
923 1482 1045 1517 quam
1079 1468 1249 1519 passiva,
1283 1469 1385 1506 sicut
1413 1470 1583 1506 materia
1606 1470 1736 1518 prima
1760 1470 1880 1506 habet

553 1525 761 1562 accionem
797 1536 1048 1573 manentem;
1094 1527 1277 1564 raciones
1311 1537 1445 1564 autem
1480 1527 1640 1564 illarum
1674 1527 1880 1576 potencia-

554 1596 656 1629 rum,
703 1583 804 1621 sicut
849 1593 887 1621 et
917 1584 1003 1633 ipse
1036 1585 1235 1633 potencie,
1280 1585 1505 1622 formaliter
1550 1595 1587 1623 et
1640 1585 1881 1623 abstractive

552 1641 768 1692 intellecte7
809 1642 1123 1691 distinguuntur,
1178 1644 1361 1692 quamvis
1394 1644 1569 1681 essencia
1624 1644 1674 1681 sit
1718 1645 1879 1681 eadem:

554 1700 678 1736 multe
724 1713 818 1748 ergo
864 1710 957 1737 sunt
1001 1700 1186 1749 potencie
1230 1702 1356 1738 active
1406 1715 1495 1750 que,
1542 1702 1573 1739 si
1618 1711 1790 1750 possunt
1842 1702 1881 1738 in
1922 1707 1935 1740 ἶ

555 1758 686 1794 minus
719 1768 888 1806 possunt
921 1759 962 1795 in
997 1759 1138 1805 maius,
1173 1768 1216 1796 ut
1248 1760 1437 1808 potencia
1468 1760 1644 1810 videndi,
1690 1760 1881 1808 potencia

553 1817 871 1859 transmutandi:
906 1827 943 1853 et
976 1817 1032 1854 sic
1056 1819 1104 1854 de
1129 1818 1263 1854 multis
1297 1818 1506 1855 similibus.
1541 1820 1610 1855 Est
1643 1819 1750 1855 enirn
1786 1820 1880 1855 dare

555 1874 773 1911 maximum
809 1876 917 1924 quod
951 1876 1039 1923 quis
1073 1885 1206 1923 potest
1237 1876 1386 1922 videre,
1420 1886 1463 1912 ut
1496 1885 1606 1925 patet
1629 1878 1677 1913 de
1705 1878 1878 1923 mundo;

554 1941 591 1968 et
638 1932 858 1969 maximum
892 1935 1001 1981 quod
1035 1934 1250 1971 alteratum
1286 1943 1418 1983 potest
1457 1936 1628 1971 alterare
1656 1931 1661 1987 1
1689 1943 1732 1970 ut
1766 1948 1880 1970 mun-

555 1992 649 2026 dum
666 1991 726 2027 vel
743 1991 825 2027 eius
850 1991 1059 2028 materiam
1080 1996 1136 2028 2¹1³
1162 2001 1332 2041 partem.
1368 1995 1435 2029 Est
1459 1993 1585 2029 eciam
1621 1994 1716 2029 dare
1740 2001 1880 2041 poten-

555 2048 657 2085 ciam
683 2049 882 2096 passivam
918 2062 1007 2099 que,
1041 2050 1072 2086 si
1104 2059 1235 2098 potest
1259 2050 1299 2086 in
1332 2051 1474 2096 maius,
1509 2059 1640 2099 potest
1661 2050 1702 2086 in
1727 2050 1879 2095 minus;

556 2116 599 2142 ut
616 2107 803 2154 potencia
821 2108 1024 2155 portandi,
1059 2108 1247 2156 potencia
1270 2108 1505 2157 recipiendi,
1542 2118 1578 2145 et
1602 2108 1657 2145 sic
1681 2110 1728 2145 de
1746 2108 1881 2144 multis

556 2165 656 2204 aliis,
710 2167 800 2201 Non
846 2178 941 2214 ergo
975 2166 1014 2202 in
1053 2167 1129 2203 hoc
1163 2167 1353 2203 dicuntur
1386 2166 1571 2215 potencie
1605 2179 1727 2214 supra
1762 2166 1880 2203 dicte.

614 2224 674 2258 Ad
711 2227 766 2259 2¹¹³
801 2223 948 2260 dicitur
981 2225 1090 2272 quod
1124 2234 1181 2261 est
1214 2226 1308 2261 dare
1333 2225 1530 2273 optimam
1556 2223 1879 2273 applicacionem

557 2280 826 2328 possibilium,
874 2291 911 2318 et
957 2282 1174 2318 maximum
1210 2282 1396 2320 iuvamen
1430 2283 1622 2331 possibile
1654 2284 1703 2319 ab
1739 2282 1882 2318 extrin-

557 2351 661 2383 seco,
713 2341 822 2387 quod
866 2340 981 2376 nobis
1026 2353 1171 2377 vanum
1228 2349 1284 2377 est
1327 2341 1462 2377 venari
1508 2341 1588 2378 sive
1640 2352 1881 2389 supponere.

558 2398 701 2433 Utrum
737 2406 871 2434 autem
905 2398 1093 2446 possibile
1126 2398 1174 2435 sit
1199 2412 1342 2446 porcos
1379 2399 1528 2448 volare,
1562 2411 1720 2435 muscas
1755 2410 1882 2447 31316,

560 2463 596 2490 et
630 2455 841 2502 plumbum
881 2465 1036 2502 natare,
1071 2470 1161 2493 cum
1197 2456 1399 2493 iuvamine
1433 2457 1668 2502 extrinseco,
1705 2453 1793 2509 [est]
1828 2457 1882 2492 al-

559 2512 681 2548 terius
727 2513 895 2561 negocii.
939 2514 1053 2550 Talia
1099 2514 1205 2551 enim
1247 2516 1465 2551 creduntur
1498 2516 1572 2551 deo
1605 2515 1720 2551 valde
1754 2513 1882 2562 possi-

1899 845 1937 865 10

1900 1125 1936 1156 15

1897 1425 1939 1446 20

561 2570 655 2606 bilia
697 2575 753 2606 2¹n
788 2571 973 2608 acciones
1021 2586 1120 2620 quas
1166 2573 1291 2609 nostri
1336 2582 1479 2609 vocant
1533 2572 1739 2609 miracula.
1792 2574 1942 2620 Non40

560 2637 694 2664 tamen
747 2638 878 2677 potest
937 2631 1092 2677 [facere]
1152 2630 1327 2678 lapidem
1382 2644 1499 2679 posse
1551 2630 1772 2677 intelligere
1824 2630 1883 2666 vel

558 2837 563 2841 ,
634 2811 670 2830 12.
706 2790 758 2830 ciffi
793 2804 823 2829 1)».
940 2805 982 2831 10.
1016 2805 1078 2831 ab‘v
1113 2805 1145 2832 13.
1273 2813 1316 2839 27,
1350 2792 1441 2831 trffsdi
1474 2805 1505 2831 13.
1597 2795 1815 2839 37.1‘Ul'uppo}
1848 2804 1880 2831 B.

556 2837 600 2864 js.
624 2842 667 2864 est
687 2838 768 2865 deest
788 2839 819 2864 Β.
929 2847 971 2871 41.
992 2840 1091 2866 tacere
1114 2840 1197 2866 deest
1215 2840 1246 2866 B.
