2083 3287
243 197 290 231 38
966 202 1191 234 JOHANNIS
1217 202 1403 234 WYCLIF
1692 196 1782 225 CAP.
1803 195 1840 222 11.

285 317 313 344 If
330 325 376 350 so,
397 317 467 344 then
526 310 683 346 videtur
721 310 830 357 quod
869 321 964 357 non,
1010 307 1103 356 quia
1137 307 1194 344 sic
1239 308 1342 344 foret
1376 307 1451 344 alia
1486 306 1686 355 ydentitas
1720 319 1841 354 quam

237 352 321 413 theg-Ie
339 351 504 421 ἓξὲξ-γη
527 367 716 404 identitas
749 366 918 417 generis,
951 366 1098 414 speciei
1130 367 1192 402 vel
1225 365 1396 412 numeri⁷
1430 374 1468 402 et
1497 378 1568 413 per
1592 376 1843 412 consequens

247 421 368 490 bgssgffussd
386 420 509 491 ggfggigsf
530 438 689 462 summa
729 423 940 461 diversitas
979 424 1040 461 vel
1080 423 1312 461 differencia
1345 436 1425 460 non
1459 424 1687 460 excluderet
1718 422 1844 458 idern-

357 477 363 490 ‚

279 499 315 518 or
334 491 475 525 number,
528 483 728 532 mitatem,
775 482 877 519 sicut
915 495 1074 519 summa
1108 481 1345 530 magnitudo
1380 481 1551 518 excludit
1582 480 1843 529 parvitatem3

240 526 515 587 cogzilsltdivictinthe
530 550 568 578 et
607 541 663 578 sic
702 542 749 577 de
782 539 970 577 omnibus
1003 539 1201 577 similibus
1236 539 1403 576 infinitis
1437 537 1843 576 denominacionibus

297 599 447 691 αξὲξζῒίᾗῖε
530 598 684 648 positis.
724 598 892 635 Videtur
915 598 1042 635 eciam
1077 599 1185 646 quod
1209 598 1306 634 deus
1339 597 1388 634 sit
1422 606 1630 634 causatum
1666 609 1688 633 a
1721 597 1810 642 deo,
1838 592 1840 648 l

319 673 327 692 l

331 664 461 700 ve1·sity;
531 657 625 705 quia
659 669 726 693 ens
759 657 1050 693 transcendens
1084 665 1141 692 est
1174 655 1351 704 primum
1386 663 1594 692 causatum
1630 667 1652 691 a
1685 655 1773 701 deo⁷
1807 662 1845 690 et

239 699 300 760 δ’ἐξ
319 698 514 769 ἓῖξεέοῂᾞά
531 716 628 751 deus
662 723 720 751 est
752 714 863 761 illud,
904 727 995 751 cum
1029 713 1113 762 ipse
1146 714 1196 750 sit
1228 726 1348 750 omne
1382 726 1462 764 ens,
1495 713 1598 750 sicut
1631 713 1753 749 homo
1788 720 1845 748 est

249 768 393 803 Himself,
414 768 498 796 since
530 772 664 809 omnis
698 773 833 809 homo·

257 803 303 831 He
323 805 434 831 caused
456 803 493 830 all

287 838 378 873 being
398 838 457 865 and
588 832 666 867 Sed
711 842 784 878 pro
828 830 895 867 illo
942 829 1184 878 supponitur
1223 831 1332 878 quod
1372 828 1587 877 dupliciter
1627 840 1844 865 commune

274 873 480 935 Ῑῇἒῑῃοῗξῗῇξ
531 888 655 936 possit
677 888 845 925 univoce
868 887 1105 936 participari
1128 887 1208 924 suis
1232 886 1506 924 inferioribus:
1540 886 1601 923 vel
1623 887 1843 923 secundum

239 942 731 1005 Ossffissffiff‘cgssesadonem
781 945 1023 991 differencie,
1069 945 1171 982 sicut
1216 945 1458 982 universalia
1491 943 1790 993 participantur
1823 957 1845 980 a

270 1013 381 1047 belong
400 1016 431 1039 to
451 1012 488 1039 its
530 1003 609 1040 suis
647 1003 885 1049 individuis;
932 1004 993 1040 vel
1026 1003 1187 1040 racione
1226 1002 1568 1049 transcendencie,
1608 1011 1652 1039 ut
1684 1002 1846 1039 racione

258 1048 489 1117 Ρῗῖᾇξῌᾲῖἓῗεζη
531 1061 701 1108 essendi,
747 1061 850 1098 sicut
891 1062 1061 1110 analoga
1100 1061 1380 1110 participatur.
1429 1061 1563 1098 Primo
1604 1061 1725 1097 modo
1764 1072 1845 1097 non

240 1116 515 1179 diligiiiiirceaziflas
531 1128 589 1156 est
621 1132 689 1156 ens
721 1120 952 1167 univocum,
999 1119 1094 1168 quia
1126 1120 1182 1156 sic
1217 1129 1318 1156 esset
1352 1132 1488 1168 genus.
1533 1120 1609 1156 Sed
1646 1122 1691 1154 20
1725 1119 1846 1155 modo

251 1194 267 1213 a
287 1186 504 1213 transcendent
531 1177 626 1215 satis
658 1177 826 1215 univoce
860 1177 1139 1226 participatur,
1175 1191 1264 1214 cum
1299 1177 1499 1225 significat
1522 1176 1661 1214 omnia
1683 1176 1751 1213 illa
1773 1178 1846 1213 sub

250 1221 514 1283 ssssgefiffsftffiffsgf
532 1237 672 1273 eodem
718 1236 830 1285 signo
876 1235 1115 1273 naturaliter
1158 1245 1445 1283 representata.
1492 1236 1606 1272 Unde
1646 1234 1739 1271 licet
1779 1247 1846 1271 ens

258 1290 444 1352 ξιξράξεῃεῑὲᾒᾶ
463 1290 516 1352 {³5¹st
530 1295 818 1331 transcendens
843 1294 894 1330 sit
925 1306 1046 1331 omne
1080 1306 1160 1339 ens,
1194 1307 1275 1330 non
1308 1303 1444 1330 tamen
1477 1293 1587 1330 aliud
1619 1306 1641 1329 a
1673 1294 1762 1339 deo,
1788 1293 1848 1330 vel

243 1360 396 1393 nnivocat,
425 1360 508 1387 since
529 1351 694 1388 inferius
728 1353 817 1400 deo,
858 1360 915 1389 est
949 1354 1058 1390 deus.
1105 1352 1216 1389 Sicut
1250 1364 1343 1400 ergo
1375 1365 1457 1389 non
1489 1351 1688 1400 sequitur:
1734 1351 1847 1387 homo

252 1395 503 1463 ηὸξὲξὲᾞξὸῐῇιζθ
529 1410 742 1446 communis
774 1417 829 1447 est
852 1411 929 1446 Sor
960 1418 995 1447 et
1027 1410 1091 1446 ille
1119 1410 1233 1446 homo
1257 1410 1469 1447 communis
1491 1418 1547 1446 est
1569 1410 1681 1445 Plato
1693 1423 1703 1444 .·
1735 1421 1846 1460 ergo,

281 1464 475 1526 ftaffgessiggi
530 1468 609 1504 Sor
632 1476 687 1504 est
719 1469 854 1513 Plat0;
883 1467 939 1504 ita
963 1481 1044 1505 non
1068 1468 1267 1517 sequitur:
1292 1481 1356 1504 ens
1379 1468 1656 1505 transcendens
1678 1474 1733 1503 est
1756 1468 1848 1503 deus

284 1534 473 1572 follow—that
531 1533 566 1561 et
604 1539 669 1562 ens
707 1527 984 1563 transcendens
1015 1534 1072 1563 est
1103 1527 1211 1562 aliud
1242 1539 1263 1562 a
1298 1527 1380 1570 deo,
1425 1539 1535 1577 ergo,
1581 1525 1689 1561 aliud
1720 1539 1742 1561 a
1776 1526 1845 1562 deo

247 1569 459 1631 besiggsthffffd
480 1603 506 1631 is
529 1592 585 1620 est
630 1585 735 1620 deus.
780 1586 862 1621 Nec
902 1593 960 1621 est
998 1583 1129 1621 maior
1169 1585 1281 1621 color
1320 1584 1361 1620 in
1399 1584 1483 1620 istis
1523 1596 1644 1633 quam
1686 1583 1726 1619 in
1766 1583 1847 1619 suis

276 1638 457 1701 thatGssjizfch
476 1672 502 1700 is
529 1641 869 1691 convertibilibus,
894 1642 949 1679 sic
974 1643 1317 1691 argumentando:
1352 1643 1465 1679 homo
1489 1650 1544 1679 est
1567 1643 1656 1688 Sor,
1679 1649 1714 1678 et
1735 1642 1848 1678 homo

257 1707 326 1735 God
348 1708 374 1735 is
394 1707 504 1735 indeed
529 1707 585 1736 est
615 1700 724 1736 aliud
755 1713 777 1736 a
801 1702 897 1737 Sor:
928 1701 1052 1751 igitur
1074 1702 1151 1737 Sor
1173 1708 1228 1737 est
1249 1701 1358 1736 aliud
1380 1713 1402 1736 α
1426 1702 1513 1739 Sor.
1545 1703 1626 1737 Nec
1649 1699 1846 1748 sequitur:

265 1743 510 1807 Ggfflessff‘fflis
530 1758 628 1793 illud
661 1759 763 1807 quod
794 1766 849 1795 est
880 1759 988 1794 aliud
1020 1771 1041 1794 cz
1076 1760 1146 1795 deo
1178 1766 1233 1795 est
1267 1760 1382 1795 deus:
1425 1759 1550 1809 igitur
1580 1758 1690 1794 aliud
1720 1770 1744 1793 a
1777 1758 1847 1794 deo

253 1808 508 1875 Ῑξΐὲῃξῑὲἓῐὶὥῡὲῃξῗ
530 1823 585 1852 est
619 1817 731 1861 dezts;
762 1825 805 1853 ut
837 1829 919 1853 non
951 1816 1151 1865 sequitur:
1185 1817 1283 1852 illud
1315 1829 1516 1853 commune
1542 1817 1645 1866 quod
1666 1823 1720 1852 est
1742 1816 1850 1851 aliud

329 1882 428 1917 being.
531 1886 553 1909 a
593 1875 669 1910 Sor
706 1882 761 1910 est
793 1875 891 1919 Sor;
921 1874 1045 1925 igitur
1075 1875 1184 1911 aliud
1214 1888 1236 1911 a
1270 1876 1345 1912 Sor
1377 1882 1432 1912 est
1464 1876 1551 1911 Sor.
1587 1874 1708 1912 Sicud
1742 1873 1847 1910 enim

261 1916 414 1979 υῇῗνὲξὲῑ
433 1917 507 1979 1122„
532 1932 655 1968 homo
689 1932 918 1969 communis
951 1941 1008 1969 est
1032 1934 1120 1978 Sor,
1154 1932 1209 1969 ita
1243 1942 1300 1969 est
1333 1932 1443 1970 aliud
1477 1945 1499 1969 a
1523 1935 1618 1980 Sor3
1663 1931 1775 1968 sicud
1808 1931 1848 1968 in

253 1986 507 2052 iffggagffghffisst
530 2002 602 2027 suo
635 1990 905 2027 convertibili:
940 1992 1017 2027 Sor
1048 1998 1104 2027 est
1126 1991 1254 2040 homo,
1286 1999 1320 2027 et
1357 1991 1466 2027 aliud
1492 2004 1514 2027 a
1539 1992 1615 2027 Sor
1638 1998 1692 2027 est
1715 1990 1849 2027 homo:

251 2055 347 2082 wlziclz
368 2056 394 2083 is
415 2056 504 2084 other
530 2048 652 2098 igitur
685 2050 761 2085 Sor
799 2056 854 2085 est
893 2049 1001 2084 aliud
1032 2061 1053 2084 a
1086 2049 1173 2087 Sor.
1218 2051 1300 2086 Nec
1332 2049 1528 2098 sequitur,
1567 2050 1638 2086 hoc
1669 2055 1724 2085 est
1756 2048 1849 2083 deus

310 2090 382 2117 ‘¹¹³⁰
403 2091 442 2118 A.
530 2114 565 2142 et
609 2107 679 2143 hoc
717 2114 771 2143 est
809 2106 917 2142 aliud
960 2119 982 2142 a
1022 2107 1114 2151 deo;
1157 2107 1290 2157 igitur,
1331 2107 1440 2143 aliud
1478 2120 1499 2142 a
1539 2107 1609 2144 deo
1648 2114 1704 2143 est
1735 2107 1849 2150 deus,-

530 2163 632 2200 sicut
674 2177 757 2201 non
801 2164 999 2212 sequitur:
1045 2166 1125 2201 Ista
1159 2173 1299 2201 natura
1343 2165 1555 2202 communis
1595 2172 1649 2201 est
1687 2165 1763 2201 Sor
1814 2171 1849 2199 et

529 2222 596 2257 illa
630 2230 686 2258 est
717 2222 826 2258 aliud
855 2236 877 2258 α
912 2224 1008 2259 Sor:
1039 2223 1163 2273 igitur
1195 2225 1271 2259 Sor
1302 2230 1358 2260 est
1389 2224 1498 2259 aliud
1528 2236 1549 2259 a
1583 2225 1671 2260 Sor.

253 2288 301 2315 All
323 2288 507 2316 deductione
588 2282 670 2316 Nec
717 2289 775 2316 est
821 2280 951 2317 maior
998 2281 1110 2317 color
1150 2281 1189 2317 in
1231 2281 1305 2318 ista
1344 2281 1593 2318 deduccione
1632 2292 1751 2329 quam
1793 2278 1849 2315 sic
1889 2285 1902 2317 ζ

242 2327 271 2348 ¹⁰
297 2323 352 2384 Ἐξ
367 2327 510 2385 ξξζὲᾆξᾶῑῗ
531 2340 871 2385 argumentando:
912 2339 1026 2375 lzomo
1066 2346 1121 2375 est
1155 2340 1230 2375 Sor
1264 2348 1300 2375 et
1333 2340 1446 2376 lzonzo
1480 2347 1534 2376 est
1565 2339 1675 2375 aliud
1705 2351 1726 2374 α
1760 2338 1848 2381 Sor,

271 2393 486 2428 paralogisms.

599 2506 623 2534 5.
646 2507 800 2535 similibus
828 2507 1025 2535 underneath
1050 2508 1197 2535 omnibus
1219 2507 1250 2535 B.
1378 2508 1504 2545 1142&
1520 2507 1553 2535 B.
1664 2515 1702 2542 17.
1730 2489 1765 2534 eb
1787 2514 1848 2542 pro

529 2553 638 2581 eodem
660 2554 691 2581 Β.
766 2561 809 2588 27.
832 2562 885 2581 nec
905 2554 1002 2582 above
1022 2559 1052 2581 ut
1073 2554 1104 2582 B.

605 2625 654 2658 16.
686 2626 851 2659 Univoce.
878 2626 914 2658 In
940 2625 998 2658 the
1024 2632 1120 2668 great
1146 2627 1308 2669 question
1335 2626 1376 2658 of
1397 2626 1455 2658 the
1481 2626 1643 2669 Analogy
1666 2625 1706 2657 of
1726 2626 1847 2668 Being,

531 2673 711 2704 moderate
736 2672 887 2704 Realists
912 2672 1023 2705 abhor
1047 2673 1150 2715 using
1175 2673 1233 2705 the
1258 2683 1341 2716 very
1366 2679 1454 2706 term
1481 2673 1643 2711 univoce,·
1674 2672 1735 2704 but
1759 2671 1849 2703 their

532 2720 707 2762 analogia
726 2719 974 2761 proportionis
998 2720 1145 2752 secundi
1168 2719 1318 2762 generis,
1352 2730 1389 2751 as
1415 2720 1543 2752 Suarez
1577 2718 1661 2750 calls
1694 2719 1728 2758 it,
1761 2718 1847 2751 does

532 2771 593 2796 not
618 2775 714 2797 seem
739 2771 775 2796 to
802 2765 900 2796 differ
919 2776 1003 2808 very
1029 2765 1270 2808 substantially
1297 2765 1387 2798 from
1405 2765 1566 2808 Wyclif’s
1592 2765 1755 2808 position.
1782 2764 1849 2796 Yet

531 2810 589 2843 the
615 2811 775 2854 slightest
802 2811 1004 2843 differences
1032 2822 1088 2844 are
1115 2812 1304 2853 important
1328 2811 1422 2844 here.

1866 846 1905 868 10

1866 1125 1903 1157 15

1865 1426 1905 1447 20

1865 1705 1905 1737 25
