2083 3287
173 254 262 281 CAP.
283 254 362 280 VIII.
742 255 924 287 LOGICA.

1686 258 1759 283 211

173 361 475 409 apprehendens
519 361 590 396 sub
630 359 863 396 habitudine
907 372 985 407 qua
1028 360 1156 407 ipsum
1198 360 1474 407 apprehendit.
1508 367 1606 401 Thus,
1626 368 1742 401 though

1493 402 1541 428 the
1562 402 1641 429 form
1664 402 1688 428 is
1709 404 1758 428 the

174 419 361 477 Sequitur
394 418 517 454 enirn:
564 419 609 468 ly·
649 420 780 465 “ego³³
820 417 1019 464 significat
1060 429 1121 452 me
1154 417 1408 464 singulariter
1441 426 1476 453 et
1493 444 1587 469 same,
1610 437 1658 463 1110
1679 445 1767 463 sense

174 471 381 524 estprime
404 487 589 523 persone:
615 488 719 523 ergo,
745 487 817 522 ego
842 476 1101 522 apprehendo
1125 474 1268 522 ipsum.
1302 476 1475 510 Verbum

173 543 304 570 autem
352 533 441 569 ideo
489 542 545 569 est
586 533 713 580 prime
745 544 927 580 persone,
974 532 1067 580 quia
1111 531 1355 567 subiectatur
1388 545 1476 579 pro-

140 591 321 627 §nomini
358 590 486 638 prime
530 602 713 637 persone.
767 591 853 626 Stat
898 602 991 637 ergo
1042 589 1082 625 in
1120 589 1266 625 talibus
1309 591 1473 625 modum

173 648 364 696 loquendi
425 647 583 693 variari,
635 656 762 683 stante
808 647 1059 694 idemptitate
1112 646 1324 694 significati
1386 659 1475 682 curn

1556 471 1700 505 changes,

1517 513 1550 531 so
1572 506 1635 531 that
1654 505 1670 531 I
1687 514 1744 537 am,

1559 540 1701 566 becomes

1519 574 1692 608 equivalent
1713 579 1742 600 10

1515 609 1583 635 This
1603 609 1694 644 being
1714 609 1747 635 is.

1509 643 1580 670 And
1601 643 1616 669 I
1633 651 1683 669 am
1704 644 1757 669 has

1539 685 1555 703 a
1575 677 1715 704 different

173 714 445 752 convertente3
486 715 525 741 ut
557 714 665 753 patet
697 706 743 741 de
776 704 877 740 istis:
911 717 983 754 ego
1016 717 1112 749 snm,
1153 713 1189 740 et
1222 705 1292 740 hoc
1324 712 1397 748 est;
1442 712 1478 740 et
1523 719 1610 738 sense
1630 720 1668 738 on
1690 712 1739 738 the

171 772 249 800 stat
294 764 456 799 modum
501 762 753 810 significandi
799 774 960 798 manere
1001 762 1264 807 conformem,
1316 761 1478 797 variatis

172 820 403 868 significatis
456 829 491 856 et
535 819 821 868 equivalencia.
875 821 921 855 Et
960 829 1069 866 patet
1108 821 1156 855 de
1188 819 1271 855 istis
1305 821 1476 855 duabus:

120 892 157 912 10
173 891 244 929 ego
288 890 386 924 sum,
429 890 501 927 ego
533 890 639 921 sunm
691 890 860 925 quarum
906 876 1036 924 prima
1081 886 1138 913 est
1187 876 1306 912 michi
1352 876 1479 924 prime

172 948 341 984 persone
375 944 411 971 et
445 939 487 970 2³
521 935 639 971 Sorti.

230 993 376 1040 Aliqua
408 1001 539 1029 autem
587 1001 643 1028 est
682 991 910 1039 proposicio
956 991 1156 1039 possibilis
1197 992 1259 1027 cui
1304 1005 1376 1028 nec
1419 1001 1475 1027 est

173 1051 250 1087 alia
294 1063 428 1086 secum
464 1049 752 1094 convertibilis,
806 1057 936 1097 potest
981 1061 1064 1084 esse
1109 1061 1201 1085 vera
1253 1062 1324 1096 pro
1384 1050 1478 1085 dato

172 1108 406 1155 significato,
453 1117 494 1143 ut
539 1117 646 1155 patet
695 1108 742 1143 de
784 1106 947 1143 talibus:
996 1107 1115 1142 Nulla
1151 1107 1372 1156 proposicio
1411 1114 1479 1152 est,

120 1167 317 1201 &nullum
370 1166 523 1216 signum
576 1164 693 1201 alicui
741 1164 948 1215 sigm'ficczt,
1005 1177 1114 1200 omne
1156 1165 1478 1213 apprehensivum

171 1223 377 1259 actualiter
402 1223 530 1271 differt
561 1224 606 1258 ab
639 1222 844 1258 actualiter
866 1222 1187 1270 apprehendente,
1227 1222 1344 1257 nichil
1374 1222 1479 1271 cogi-

172 1288 226 1316 tat
252 1293 325 1329 per
358 1281 646 1329 disposicionem
685 1280 757 1316 sibi
794 1280 1089 1323 accidentale7113
1122 1288 1158 1315 et
1196 1279 1251 1315 sic
1285 1281 1332 1315 de
1371 1279 1479 1315 simi-

172 1338 287 1385 libus,
332 1351 500 1385 quarum
546 1337 769 1385 significata
801 1337 933 1384 posita
971 1338 1115 1373 tollunt
1147 1336 1355 1378 veritatem
1389 1350 1479 1384 pro-

173 1395 400 1443 posicionis.
467 1397 590 1441 Unde,
644 1394 675 1430 si
720 1394 897 1442 sophista
941 1395 1032 1430 velit
1076 1406 1316 1442 cognoscere
1361 1396 1477 1430 deum

116 1465 158 1486 20
173 1466 302 1498 suum,
338 1452 469 1500 capiat
493 1466 565 1500 pro
599 1453 735 1500 regula
767 1454 872 1500 quod
897 1452 1024 1487 solum
1059 1452 1155 1488 illud
1179 1453 1286 1500 quod
1319 1464 1479 1488 omnem

173 1510 380 1547 veritatem
410 1519 541 1558 potest
572 1522 811 1557 cognoscere
835 1519 891 1546 est
916 1511 1023 1546 deus.
1059 1512 1160 1546 Nam
1188 1513 1244 1546 ΖΠ]
1268 1510 1478 1557 theologos

174 1577 302 1616 potest
336 1580 419 1604 esse
452 1580 588 1604 verum
614 1569 720 1615 quod
754 1568 862 1604 nulla
896 1576 1079 1603 ereatura
1112 1568 1175 1613 sit,
1210 1568 1317 1615 quod
1350 1567 1479 1603 solum

175 1628 269 1662 deus
316 1634 371 1661 est
405 1625 641 1673 intelligens,
683 1625 749 1673 qui
788 1625 909 1661 nichil
948 1625 1131 1672 intelligit
1172 1624 1247 1660 nisi
1281 1625 1479 1669 distincte,

174 1683 257 1719 sine
303 1692 393 1719 actu
446 1683 633 1719 distincto
666 1683 725 1719 vel
758 1682 959 1718 iuvamine
993 1683 1169 1718 alterius.
1221 1682 1335 1718 Talia
1376 1682 1479 1718 enim

42 1740 143 1784 1394¹³
174 1753 255 1777 non
301 1749 432 1788 potest
478 1741 586 1776 aliud
621 1737 626 1793 Ι
661 1753 682 1776 a
728 1742 801 1776 deo
844 1753 1084 1787 cognoscere
1130 1748 1294 1788 propter
1340 1752 1481 1787 repug—

176 1798 375 1835 nanciam.

234 1858 481 1903 Quocunque
522 1868 615 1902 ergo
648 1864 828 1891 nostrum
863 1854 1104 1902 significato,
1144 1864 1201 1891 est
1241 1856 1334 1891 dare
1368 1863 1480 1902 quot-

174 1913 269 1949 libet
301 1913 485 1949 veritates
531 1925 629 1960 quas
661 1926 742 1948 non
775 1925 989 1960 possumus
1029 1925 1284 1960 cognoscere;
1335 1921 1376 1947 ut
1410 1925 1481 1959 ego

175 1984 255 2007 non
314 1983 472 2018 possum
529 1970 712 2006 distincte
765 1982 1003 2017 cognoscere
1049 1972 1157 2018 quod
1209 1970 1355 2006 oblitus
1394 1983 1479 2005 sum

119 2030 160 2061 30
175 2028 311 2065 omnia
334 2041 408 2076 que
439 2028 545 2072 scivi,
580 2029 687 2075 quod
720 2027 843 2063 nichil
876 2027 970 2071 scio,
1005 2029 1111 2075 quod
1147 2021 1256 2063 cesso
1289 2029 1337 2063 ab
1370 2027 1481 2063 omni

176 2095 267 2122 actu
290 2085 549 2133 intelligendi,
584 2094 620 2121 et
653 2085 707 2121 sic
732 2087 779 2120 de
811 2085 1019 2122 similibus.
1054 2087 1101 2121 Et
1134 2086 1209 2121 hoc
1242 2085 1326 2121 sine
1360 2085 1481 2121 dubio

176 2142 306 2191 arguit
337 2142 691 2191 imperfeccionem
725 2142 967 2189 intellectus,
1013 2142 1107 2190 quia
1152 2155 1223 2178 nos
1257 2142 1482 2189 indigemus

176 2210 233 2237 tot
265 2201 431 2248 yeraciis
455 2202 504 2237 ad
537 2209 713 2236 nostram
738 2200 944 2245 noticiam,
979 2201 1087 2247 quod
1120 2201 1265 2236 multas
1297 2200 1481 2235 veritates

176 2271 257 2294 non
282 2271 494 2305 possumus
519 2270 772 2305 cognoscere,
807 2257 882 2293 nisi
916 2259 1210 2293 destrueremus
1234 2257 1334 2293 illas.
1369 2257 1481 2293 Noti-

121 2316 159 2349 35
177 2316 236 2352 cia
280 2328 373 2351 vero
414 2315 476 2351 dei
510 2327 552 2351 ex
585 2324 697 2362 parte
731 2314 790 2350 sui
824 2315 952 2350 solum
986 2314 1114 2362 ipsum
1150 2315 1277 2362 ponit,
1323 2324 1359 2350 et
1392 2314 1481 2351 ideo

177 2373 313 2409 omnia
346 2382 475 2420 potest
501 2385 755 2420 cognoscere.
791 2373 903 2409 Unde
938 2373 1061 2408 multa
1086 2372 1314 2408 eternaliter
1338 2385 1482 2419 cogno-

177 2440 286 2467 scent
331 2443 491 2466 omnem
545 2430 767 2476 veritatem,
821 2442 897 2477 que
936 2442 1016 2465 non
1059 2441 1220 2465 omnem
1273 2430 1479 2465 veritatem

179 2497 342 2536 possunt
395 2500 647 2536 cognoscere,
712 2496 748 2523 et
801 2490 857 2524 2¹n
903 2488 1112 2534 theologos
1166 2487 1309 2534 aliquis
1360 2488 1481 2523 homo

178 2559 337 2582 omnem
371 2545 577 2581 veritatem
614 2554 742 2593 potest
774 2544 888 2588 scire,
934 2554 971 2580 et
1014 2554 1146 2580 tamen
1187 2544 1340 2580 infinite
1383 2557 1481 2580 verl-

119 2612 276 2644 40tates
321 2616 402 2640 non
446 2612 612 2651 possunt
660 2602 751 2638 sciri
796 2604 843 2638 ab
876 2601 945 2638 illo
989 2602 1163 2648 homine,
1216 2601 1290 2638 nisi
1323 2602 1482 2638 fuerunt

248 2812 273 2832 2.
295 2804 470 2839 significans
492 2804 523 2830 13.
592 2812 632 2830 io.
649 2803 689 2830 m'
702 2811 761 2838 pro
776 2803 869 2830 michi
892 2803 924 2829 Β.
983 2811 1020 2831 12.
1037 2812 1093 2838 que
1106 2811 1167 2838 pro
1183 2803 1229 2830 cui
1247 2804 1277 2830 Β.
1330 2804 1369 2831 ιύ.
1392 2795 1420 2830 nl
1449 2803 1480 2830 1-3.

180 2872 207 2895 (y.
224 2861 285 2888 d'm
302 2862 333 2888 n.
425 2861 465 2888 33.
488 2848 584 2897 yciiyfls·
600 2861 632 2887 B.
705 2859 745 2888 35.
768 2868 828 2887 non
850 2860 949 2887 solum
974 2861 1004 2887 Β.

1285 2911 1351 2949 14⁹³*

1494 746 1551 781 lips
1572 747 1606 773 of
1623 747 1762 773 different

1592 789 1671 808 men.

1571 1003 1692 1030 Certain

1524 1038 1734 1072 propositions

1500 1072 1565 1098 that
1591 1077 1704 1099 cannot
1725 1072 1760 1098 be

1509 1107 1672 1133 converted
1693 1106 1757 1133 into

1507 1141 1611 1167 others
1633 1149 1702 1176 may
1725 1141 1760 1167 be

1558 1180 1625 1202 true
1644 1176 1674 1202 in
1695 1183 1711 1202 a

1512 1210 1624 1236 certain
1647 1218 1745 1243 sense,

1524 1252 1598 1271 even
1620 1245 1735 1279 though

1545 1279 1610 1305 that
1629 1287 1717 1305 sense

1512 1313 1653 1349 destroys
1674 1313 1751 1340 their

1580 1348 1680 1379 t1·uth;

1529 1390 1557 1408 v.
1579 1390 1607 1417 g.
1630 1382 1728 1409 God's

1513 1418 1625 1443 eternal
1647 1422 1702 1450 act,
1724 1417 1745 1444 it

1514 1452 1703 1479 understood
1724 1452 1755 1478 in

1547 1486 1611 1513 that
1632 1494 1707 1522 way.

1533 1855 1630 1889 There
1651 1856 1676 1882 is
1697 1864 1733 1883 an

1554 1890 1709 1917 indefinite

1523 1925 1684 1951 multitude
1705 1925 1739 1952 of

1535 1959 1635 1986 ‘truths
1655 1960 1718 1987 that

1543 2002 1587 2020 wc
1607 2000 1720 2021 cannot

1525 2028 1629 2063 know,
1651 2037 1684 2056 as
1705 2035 1734 2056 to

1532 2063 1623 2089 know
1644 2064 1727 2091 what

1509 2105 1552 2123 we
1572 2098 1681 2133 forget,
1703 2099 1757 2126 &c-

1514 2133 1617 2159 which
1638 2142 1746 2168 argues

1502 2166 1713 2200 imperfection
1735 2169 1765 2194 in

1537 2209 1593 2228 our
1613 2203 1725 2229 minds.

1585 2236 1681 2263 God's

1514 2270 1693 2306 knowledge
1714 2273 1742 2299 in

1541 2305 1590 2331 the
1610 2306 1725 2333 infinite

1526 2340 1691 2375 simpliciiy
1712 2343 1742 2368 ot

1539 2375 1579 2401 its
1599 2375 1727 2409 objects‚

1508 2410 1680 2444 Compl‘ises
1702 2411 1749 2437 all.

1526 2492 1552 2517 A
1574 2499 1641 2518 man
1666 2499 1735 2523 may

1455 2544 1461 2550 .
1502 2526 1592 2552 know
1614 2526 1649 2552 all
1672 2521 1763 2559 truth,

1539 2560 1598 2587 and
1619 2564 1667 2596 yet
1689 2561 1724 2586 all

1512 2595 1613 2621 truths
1634 2599 1745 2621 cannot

1520 2629 1556 2655 be
1575 2630 1688 2656 known
1710 2629 1749 2664 by

1594 2664 1669 2691 him.
