2083 3287
154 852 189 872 lo

151 1129 186 1160 15

209 210 297 237 CAP.
320 210 401 238 VIII.
773 213 961 244 LOGICA.

207 318 337 354 omnis
376 318 465 354 talis
503 318 686 365 negativa
720 318 757 353 in
791 318 915 366 priori
948 319 1111 354 instanti
1146 320 1248 355 foret
1280 333 1371 356 vera
1406 330 1442 356 et
1475 322 1514 357 in

206 376 387 423 proximo
420 375 582 411 instanti
608 376 727 421 falsa;
762 384 798 412 et
821 376 950 412 omnis
974 376 1062 413 talis
1087 377 1327 413 affirmativa
1352 387 1512 415 econtra

206 433 245 469 in
298 432 420 481 priori
464 433 627 469 instanti
671 433 772 468 foret
810 434 907 469 falsa
958 443 994 469 et
1038 434 1078 470 in
1123 435 1302 482 proximo
1349 435 1512 472 instanti

204 503 314 537 vera3
359 491 414 526 sic
459 492 567 538 quod
607 491 795 526 continue
834 503 904 538 per
942 490 1047 527 idern
1086 500 1244 540 tempus
1285 493 1511 530 alternatim

207 557 306 584 esset
339 548 513 584 mutacio
547 561 569 584 a
600 548 764 584 veritate
797 547 837 583 in
870 548 1095 594 falsitatem,
1130 558 1166 585 et
1200 560 1374 587 econtra.

263 608 310 641 Et
357 605 468 641 addit
512 605 731 653 responsio,
778 608 885 654 quod
930 606 960 642 si
1000 620 1072 654 pro
1112 607 1309 654 signando
1350 609 1511 644 instanti

204 663 365 710 ponitur
409 663 526 699 talem
576 663 911 711 proposicionem,
956 665 988 699 A
1027 677 1098 700 non
1139 672 1194 701 est
1238 678 1382 710 verum,
1431 666 1512 702 fore

206 733 360 767 verum,
428 733 508 756 non
559 721 740 768 sequitur
792 734 833 757 ex
887 723 961 757 hoc
1014 723 1045 757 Α
1097 735 1169 769 pro
1222 723 1289 759 illo
1348 724 1510 759 instanti

205 778 430 825 significare
455 778 554 814 sicut
594 787 663 828 est7
698 780 765 815 sed
790 779 927 825 pocius
960 779 1205 827 oppositum,
1241 793 1328 816 cum
1364 781 1511 829 '‘signi-

206 836 325 872 ficare
362 835 462 872 sicut
502 838 588 872 est-”³
623 845 679 872 est
718 849 837 872 causa
870 850 993 885 quare
1026 839 1056 872 Α
1091 847 1147 873 est
1178 850 1328 876 verum.
1375 841 1423 874 Et
1456 839 1511 875 sic

205 903 261 930 est
303 894 342 929 in
381 894 562 941 proximo
601 893 765 930 instanti
804 895 1051 942 precedenti3
1106 905 1142 932 et
1180 896 1440 932 conformiter
1479 897 1510 932 si

205 964 277 998 pro
311 952 385 987 hoc
419 951 580 987 instanti
615 951 814 999 significat
847 953 962 989 aliter
994 966 1113 1000 quam
1149 963 1218 999 est,
1253 966 1333 990 non
1366 967 1409 990 ex
1434 956 1508 990 hoc

205 1018 261 1044 est
293 1009 435 1045 falsum
469 1023 540 1057 pro
574 1009 642 1045 illo
676 1009 852 1056 instanti,
885 1013 951 1047 sed
985 1010 1124 1058 incipit
1158 1023 1242 1047 esse
1270 1012 1413 1047 falsum
1438 1025 1510 1060 pro

203 1066 365 1102 instanti
398 1067 575 1114 proxime
608 1067 752 1103 futuro.

261 1126 368 1160 Istud
407 1134 539 1160 autem
581 1124 731 1161 dictum
772 1134 829 1160 est
862 1127 1032 1162 multum
1066 1135 1317 1171 extraneum3
1367 1126 1509 1174 primo,

203 1181 243 1217 in
276 1182 350 1218 hoc
382 1184 489 1229 quod
521 1182 633 1230 ponit
666 1182 847 1219 ordinem
881 1183 1100 1231 prioritatis
1130 1184 1323 1220 naturalis
1347 1197 1510 1221 causare

202 1239 507 1275 successionem.
560 1243 660 1276 Nam
706 1249 788 1277 tota
832 1241 1018 1288 prioritas
1061 1242 1253 1277 naturalis
1293 1251 1349 1278 est
1393 1242 1510 1278 simul

203 1310 275 1344 pro
316 1299 457 1333 eodem
496 1297 659 1334 instanti
699 1298 905 1346 temporis,
951 1299 1053 1335 sicut
1091 1299 1200 1346 prius
1240 1308 1275 1335 et
1312 1300 1510 1347 posterius

203 1355 243 1390 in
286 1364 449 1402 natura3
495 1355 609 1392 aliter
654 1355 758 1391 enim
804 1369 883 1392 non
924 1365 1024 1393 esset
1064 1356 1251 1404 possibile
1292 1359 1399 1405 quod
1438 1371 1511 1405 pro

204 1412 338 1460 aliquo
382 1412 546 1449 instanti
589 1413 781 1461 temporis
822 1424 1027 1450 causatum
1067 1414 1184 1450 simul
1222 1415 1272 1450 sit
1312 1427 1400 1450 cun]
1440 1428 1511 1451 sua

205 1482 336 1507 causa.
383 1472 429 1505 Et
473 1480 568 1506 tunc
607 1471 667 1507 vel
705 1484 777 1518 pro
818 1473 892 1507 hoc
931 1472 1095 1508 instanti
1134 1474 1229 1508 deus
1268 1481 1305 1508 et
1338 1473 1513 1520 quelibet

204 1527 281 1564 alia
326 1540 445 1564 causa
488 1541 569 1564 non
613 1537 725 1578 esset⁷
770 1530 829 1565 vel
866 1542 937 1577 pro
978 1531 1117 1566 eodem
1158 1529 1320 1566 instanti
1358 1531 1511 1566 nullum

204 1594 410 1622 causatum
450 1595 564 1622 esset.
619 1587 807 1634 Sequitur
845 1586 971 1623 eciam
1012 1589 1119 1635 quod
1152 1588 1258 1623 nulla
1292 1588 1512 1624 successiva

202 1643 432 1690 proposicio
465 1652 596 1691 potest
629 1656 711 1680 esse
749 1657 841 1681 vera
878 1645 938 1680 vel
970 1645 1087 1692 falsa;
1134 1645 1227 1693 quia
1260 1645 1512 1693 “significare

171 1700 304 1737 Isicut
338 1710 395 1737 est
426 1702 486 1737 vel
519 1701 619 1737 sicut
652 1714 732 1737 non
764 1704 851 1738 est³³
885 1703 1084 1739 antecedit
1116 1715 1186 1750 per
1218 1703 1367 1739 instans
1392 1704 1511 1739 deno-

204 1758 470 1795 minacionem
522 1771 602 1795 esse
645 1759 720 1805 rei3
774 1768 816 1795 ut
862 1761 988 1796 dicere
1033 1769 1069 1796 et
1115 1760 1248 1796 taliter
1286 1760 1510 1808 significare

203 1816 525 1853 concomitantur
557 1816 666 1853 illam
700 1825 785 1853 toto
818 1826 999 1866 tempore
1032 1817 1092 1854 sui
1125 1830 1215 1854 esse.

259 1874 426 1910 Videtur
459 1874 583 1910 eciam
619 1876 727 1922 quod
760 1875 908 1925 anima,
944 1877 1082 1911 eadem
1116 1875 1398 1923 proposicione
1427 1889 1512 1924 per-

202 1941 400 1979 manente,
436 1932 547 1968 omni
580 1941 691 1968 motu
723 1934 932 1980 subducto,
967 1943 1074 1969 caret
1107 1933 1376 1979 successione3
1421 1934 1514 1982 quia

203 1988 452 2036 prioritatem
501 1998 537 2026 et
580 1990 919 2037 posterioritatem
965 1990 1159 2038 temporis
1199 1991 1388 2027 continue
1427 1992 1514 2027 uni-

203 2046 384 2083 formiter
428 2048 707 2095 componendo
745 2048 801 2084 sic
842 2061 883 2084 ex
922 2048 1078 2096 integro
1121 2049 1283 2094 falsumg
1329 2049 1395 2085 ubi
1435 2062 1514 2085 non

204 2112 260 2139 est
314 2104 497 2152 fingenda
554 2105 662 2141 racio
702 2105 939 2142 diversitatis
979 2105 1233 2152 instancium,
1289 2118 1361 2142 nec
1406 2107 1514 2143 racio

204 2174 326 2209 quare
365 2162 404 2197 in
443 2175 522 2198 uno
559 2162 721 2198 illorum
754 2163 993 2199 instancium
1028 2164 1129 2199 foret
1161 2164 1250 2199 talis
1284 2165 1514 2211 proposicio

203 2219 340 2266 pocius
387 2232 479 2256 vera
516 2220 576 2255 vel
614 2221 710 2256 falsa
753 2234 873 2268 quam
908 2221 947 2256 in
981 2221 1159 2269 quolibet
1191 2222 1366 2257 illorum.
1414 2224 1512 2258 Nam

174 2277 445 2324 -proposicio‚
491 2278 619 2313 solum
656 2279 856 2314 manendo
890 2291 959 2325 per
992 2279 1156 2319 instans,
1198 2280 1299 2315 foret
1332 2291 1422 2315 vera
1457 2281 1515 2315 vel

204 2335 301 2370 falsa
346 2348 435 2370 cum
486 2335 737 2382 “significare
781 2336 933 2383 precise
981 2336 1170 2383 primarie
1216 2336 1317 2372 sicut
1363 2346 1419 2372 est
1456 2338 1515 2373 vel

204 2392 305 2427 sicut
337 2405 417 2428 non
450 2395 536 2428 est³³
571 2393 620 2428 sit
653 2393 854 2428 sufficiens
888 2406 1007 2429 causa
1041 2394 1130 2429 talis
1155 2394 1513 2432 denominacionis.

209 2593 240 2617 ’ζῆ
273 2560 391 2621 1issfufgalisfi
409 2568 468 2595 pro
490 2569 559 2587 vera
581 2560 613 2587 Β.
720 2561 765 2587 26.
794 2561 856 2588 reri
885 2569 943 2595 pro
971 2561 1057 2594 1·ei(?)
1084 2561 1116 2588 Β.
1225 2557 1271 2596 29'.
1305 2562 1452 2589 subducta
1481 2562 1513 2588 Β.

207 2616 250 2628 Ἴ.
370 2610 385 2621 ι.

277 2679 328 2710 31.
368 2678 444 2709 The
476 2684 544 2709 text
578 2689 613 2709 as
642 2680 665 2709 it
690 2680 807 2709 stands
833 2678 895 2709 has
924 2690 968 2710 no
995 2689 1106 2710 sense.
1149 2679 1245 2718 This,
1285 2680 1311 2710 if
1333 2681 1450 2721 owing
1477 2687 1512 2710 to

206 2725 351 2765 missing
378 2725 504 2763 words,
541 2725 567 2755 is
603 2725 644 2755 all
680 2725 736 2755 the
771 2736 867 2756 more
903 2726 1105 2766 1·egrettable
1140 2726 1287 2757 because
1314 2726 1369 2757 the
1396 2727 1513 2756 wortls

206 2771 323 2801 would
351 2770 501 2812 perhaps
526 2770 615 2801 have
641 2772 743 2812 given
770 2781 787 2801 a
815 2772 890 2802 clue
918 2778 952 2801 to
987 2771 1043 2802 the
1071 2779 1139 2802 rest
1165 2772 1205 2801 ol'
1227 2772 1283 2802 tlie
1310 2772 1513 2813 paragraph,

207 2816 319 2846 which
349 2817 356 2846 l
382 2816 470 2847 have
498 2817 598 2847 failed
628 2824 662 2847 to
691 2818 914 2847 understand.

1724 217 1795 243 201

1543 330 1591 354 llic
1613 328 1803 363 hypothesis,

1592 363 1693 389 would
1719 364 1751 389 be

1574 398 1761 432 continnallv

1540 431 1693 465 changing
1714 432 1793 459 from

1564 470 1627 492 true
1647 471 1676 492 to
1698 466 1781 493 salse.

1580 605 1607 631 A
1629 605 1746 631 further

1576 640 1708 672 position
1731 640 1765 666 os

1575 673 1661 700 those
1683 675 1752 700 who

1538 715 1657 735 answer
1678 709 1748 735 thus
1770 710 1794 735 is

1540 742 1601 768 thar
1621 744 1646 769 if
1663 751 1677 769 a
1699 744 1786 777 giren

1563 778 1768 811 proposition.

1544 811 1566 837 A
1588 812 1612 838 is
1632 815 1687 839 not
1704 816 1780 844 lrue,

1565 846 1590 872 is
1612 848 1768 881 supposed

1527 884 1591 906 true
1606 885 1634 907 at
1655 889 1670 907 a
1691 881 1803 908 certain

1567 921 1715 950 moment,
1737 917 1756 942 it

1578 951 1678 977 would
1702 956 1754 977 not

1543 984 1647 1011 follow
1668 987 1732 1012 tuat
1751 987 1778 1012 A

1544 1019 1645 1046 would
1669 1020 1780 1055 signif>-

1555 1055 1722 1088 according
1742 1060 1771 1081 to

1544 1089 1650 1124 reality
1671 1094 1699 1115 at
1719 1090 1781 1116 that

1589 1129 1736 1156 moment,

1571 1157 1635 1184 that
1655 1159 1756 1186 would

1526 1193 1615 1218 cntail
1637 1193 1675 1219 its
1696 1194 1797 1229 salsity

1560 1227 1632 1262 only
1652 1228 1700 1254 for
1720 1229 1770 1255 the

1573 1263 1755 1296 succeeding

1602 1297 1727 1324 instant.

1570 1331 1619 1357 All
1642 1332 1702 1358 this
1722 1333 1748 1359 is

1573 1366 1675 1392 beside
1695 1367 1745 1393 tlie

1579 1401 1665 1427 mark
1685 1402 1743 1428 and

1561 1434 1682 1469 implies
1702 1436 1765 1462 that

1528 1470 1644 1496 natural
1667 1471 1797 1506 priority

1610 1512 1716 1531 causes

1545 1540 1739 1573 snccession3
1761 1540 1781 1567 it

1586 1582 1655 1609 may
1676 1575 1741 1601 well

1555 1608 1631 1635 exist
1652 1609 1781 1636 without

1551 1644 1728 1670 succession
1751 1649 1779 1670 at

1553 1677 1608 1709 all;
1630 1686 1661 1704 as
1682 1678 1711 1705 in
1732 1679 1781 1705 the

1549 1720 1617 1738 case
1638 1713 1673 1739 of
1689 1721 1779 1740 cause

1577 1748 1636 1774 and
1657 1748 1752 1775 effect.
