<?xml version="1.0" encoding="UTF-8"?>
<!DOCTYPE html PUBLIC "-//W3C//DTD XHTML 1.0 Transitional//EN"
    "http://www.w3.org/TR/xhtml1/DTD/xhtml1-transitional.dtd">
<html xmlns="http://www.w3.org/1999/xhtml" xml:lang="en" lang="en">
 <head>
  <title>
</title>
<meta http-equiv="Content-Type" content="text/html;charset=utf-8" />
  <meta name='ocr-system' content='tesseract 3.04.00' />
  <meta name='ocr-capabilities' content='ocr_page ocr_carea ocr_par ocr_line ocrx_word'/>
</head>
<body>
  <div class='ocr_page' id='page_1' title='image "./tractatusdelogic02wycl_0275.png"; bbox 0 0 2083 3287; ppageno 0'>
   <div class='ocr_carea' id='block_1_1' title="bbox 233 258 980 292">
    <p class='ocr_par' dir='ltr' id='par_1_1' title="bbox 233 258 980 292">
     <span class='ocr_line' id='line_1_1' title="bbox 233 258 980 292; baseline 0.012 -8"><span class='ocrx_word' id='word_1_1' title='bbox 233 259 322 285; x_wconf 78' lang='lat' dir='ltr'>CAP.</span> <span class='ocrx_word' id='word_1_2' title='bbox 345 258 425 284; x_wconf 89' lang='lat' dir='ltr'>VIII.</span> <span class='ocrx_word' id='word_1_3' title='bbox 796 261 980 292; x_wconf 72' lang='lat' dir='ltr'><strong>LOGICA.</strong></span> 
     </span>
    </p>
   </div>
   <div class='ocr_carea' id='block_1_2' title="bbox 176 368 1544 2601">
    <p class='ocr_par' dir='ltr' id='par_1_2' title="bbox 199 368 1543 701">
     <span class='ocr_line' id='line_1_2' title="bbox 233 368 1541 415; baseline 0.002 -13"><span class='ocrx_word' id='word_1_4' title='bbox 233 374 513 414; x_wconf 84' lang='lat' dir='ltr'>argumentum</span> <span class='ocrx_word' id='word_1_5' title='bbox 555 368 604 402; x_wconf 89' lang='lat' dir='ltr'>ad</span> <span class='ocrx_word' id='word_1_6' title='bbox 638 368 893 414; x_wconf 85' lang='lat' dir='ltr'>probandum</span> <span class='ocrx_word' id='word_1_7' title='bbox 940 368 1046 415; x_wconf 84' lang='lat' dir='ltr'>quod</span> <span class='ocrx_word' id='word_1_8' title='bbox 1087 376 1239 415; x_wconf 84' lang='lat' dir='ltr'>peccat,</span> <span class='ocrx_word' id='word_1_9' title='bbox 1285 368 1315 403; x_wconf 89' lang='lat' dir='ltr'>si</span> <span class='ocrx_word' id='word_1_10' title='bbox 1356 369 1461 404; x_wconf 89' lang='lat' dir='ltr'>dolet</span> <span class='ocrx_word' id='word_1_11' title='bbox 1495 370 1541 405; x_wconf 89' lang='lat' dir='ltr'>de</span> 
     </span>
     <span class='ocr_line' id='line_1_3' title="bbox 233 424 1543 472; baseline 0.001 -12"><span class='ocrx_word' id='word_1_12' title='bbox 233 433 398 472; x_wconf 86' lang='lat' dir='ltr'>peccato</span> <span class='ocrx_word' id='word_1_13' title='bbox 431 424 601 472; x_wconf 80' lang='lat' dir='ltr'>proximi</span> <span class='ocrx_word' id='word_1_14' title='bbox 647 433 683 460; x_wconf 88' lang='lat' dir='ltr'>et</span> <span class='ocrx_word' id='word_1_15' title='bbox 716 437 797 460; x_wconf 92' lang='lat' dir='ltr'>non</span> <span class='ocrx_word' id='word_1_16' title='bbox 832 437 916 469; x_wconf 91' lang='lat' dir='ltr'>suo,</span> <span class='ocrx_word' id='word_1_17' title='bbox 965 437 1054 460; x_wconf 86' lang='lat' dir='ltr'>cum</span> <span class='ocrx_word' id='word_1_18' title='bbox 1089 433 1165 460; x_wconf 87' lang='lat' dir='ltr'>stat</span> <span class='ocrx_word' id='word_1_19' title='bbox 1199 425 1442 472; x_wconf 85' lang='lat' dir='ltr'>oppositum.</span> <span class='ocrx_word' id='word_1_20' title='bbox 1496 429 1543 462; x_wconf 85' lang='lat' dir='ltr'>Et</span> 
     </span>
     <span class='ocr_line' id='line_1_4' title="bbox 232 481 1542 529; baseline 0.001 -12"><span class='ocrx_word' id='word_1_21' title='bbox 232 481 305 518; x_wconf 88' lang='lat' dir='ltr'>ista</span> <span class='ocrx_word' id='word_1_22' title='bbox 339 481 544 529; x_wconf 81' lang='lat' dir='ltr'>responsio</span> <span class='ocrx_word' id='word_1_23' title='bbox 578 490 763 529; x_wconf 89' lang='lat' dir='ltr'>potenter</span> <span class='ocrx_word' id='word_1_24' title='bbox 796 491 957 517; x_wconf 80' lang='lat' dir='ltr'>enervat</span> <span class='ocrx_word' id='word_1_25' title='bbox 990 494 1104 518; x_wconf 85' lang='lat' dir='ltr'>casus</span> <span class='ocrx_word' id='word_1_26' title='bbox 1139 482 1379 520; x_wconf 85' lang='lat' dir='ltr'>huiusmodi.</span> <span class='ocrx_word' id='word_1_27' title='bbox 1429 485 1542 520; x_wconf 83' lang='lat' dir='ltr'><strong>Unde</strong></span> 
     </span>
     <span class='ocr_line' id='line_1_5' title="bbox 231 539 1543 588; baseline 0.001 -13"><span class='ocrx_word' id='word_1_28' title='bbox 231 552 312 576; x_wconf 93' lang='lat' dir='ltr'>non</span> <span class='ocrx_word' id='word_1_29' title='bbox 346 548 402 575; x_wconf 89' lang='lat' dir='ltr'>est</span> <span class='ocrx_word' id='word_1_30' title='bbox 434 539 474 574; x_wconf 89' lang='lat' dir='ltr'>in</span> <span class='ocrx_word' id='word_1_31' title='bbox 508 548 703 587; x_wconf 76' lang='lat' dir='ltr'>potestate</span> <span class='ocrx_word' id='word_1_32' title='bbox 735 539 907 576; x_wconf 91' lang='lat' dir='ltr'>hominis</span> <span class='ocrx_word' id='word_1_33' title='bbox 946 540 1006 575; x_wconf 92' lang='lat' dir='ltr'>vel</span> <span class='ocrx_word' id='word_1_34' title='bbox 1039 540 1099 575; x_wconf 88' lang='lat' dir='ltr'>dei</span> <span class='ocrx_word' id='word_1_35' title='bbox 1123 549 1295 576; x_wconf 79' lang='lat' dir='ltr'>statuere</span> <span class='ocrx_word' id='word_1_36' title='bbox 1320 542 1427 588; x_wconf 81' lang='lat' dir='ltr'>quod</span> <span class='ocrx_word' id='word_1_37' title='bbox 1451 541 1543 577; x_wconf 88' lang='lat' dir='ltr'>sim-</span> 
     </span>
     <span class='ocr_line' id='line_1_6' title="bbox 199 597 1541 645; baseline 0.001 -13"><span class='ocrx_word' id='word_1_38' title='bbox 199 597 388 644; x_wconf 84' lang='lat' dir='ltr'>5pliciter</span> <span class='ocrx_word' id='word_1_39' title='bbox 422 606 458 633; x_wconf 85' lang='lat' dir='ltr'>et</span> <span class='ocrx_word' id='word_1_40' title='bbox 491 597 683 641; x_wconf 82' lang='lat' dir='ltr'>absolute,</span> <span class='ocrx_word' id='word_1_41' title='bbox 730 597 761 632; x_wconf 90' lang='lat' dir='ltr'>si</span> <span class='ocrx_word' id='word_1_42' title='bbox 807 598 928 633; x_wconf 91' lang='lat' dir='ltr'>homo</span> <span class='ocrx_word' id='word_1_43' title='bbox 967 597 1021 633; x_wconf 90' lang='lat' dir='ltr'>sic</span> <span class='ocrx_word' id='word_1_44' title='bbox 1056 597 1176 642; x_wconf 90' lang='lat' dir='ltr'>dolet,</span> <span class='ocrx_word' id='word_1_45' title='bbox 1212 607 1364 645; x_wconf 88' lang='lat' dir='ltr'>peccat,</span> <span class='ocrx_word' id='word_1_46' title='bbox 1418 599 1477 634; x_wconf 94' lang='lat' dir='ltr'>vel</span> <span class='ocrx_word' id='word_1_47' title='bbox 1510 598 1541 634; x_wconf 88' lang='lat' dir='ltr'>si</span> 
     </span>
     <span class='ocr_line' id='line_1_7' title="bbox 232 650 1184 701; baseline 0.001 -11"><span class='ocrx_word' id='word_1_48' title='bbox 232 654 287 691; x_wconf 88' lang='lat' dir='ltr'>sic</span> <span class='ocrx_word' id='word_1_49' title='bbox 321 654 468 700; x_wconf 83' lang='lat' dir='ltr'>obviat,</span> <span class='ocrx_word' id='word_1_50' title='bbox 502 654 758 701; x_wconf 80' lang='lat' dir='ltr'>liberabitur3</span> <span class='ocrx_word' id='word_1_51' title='bbox 794 663 830 690; x_wconf 87' lang='lat' dir='ltr'>et</span> <span class='ocrx_word' id='word_1_52' title='bbox 862 653 916 690; x_wconf 87' lang='lat' dir='ltr'>ita</span> <span class='ocrx_word' id='word_1_53' title='bbox 951 656 998 690; x_wconf 93' lang='lat' dir='ltr'>de</span> <span class='ocrx_word' id='word_1_54' title='bbox 1032 650 1184 691; x_wconf 88' lang='lat' dir='ltr'>ceteris.</span> 
     </span>
    </p>

    <p class='ocr_par' dir='ltr' id='par_1_3' title="bbox 231 711 1540 875">
     <span class='ocr_line' id='line_1_8' title="bbox 289 711 1539 760; baseline 0.002 -13"><span class='ocrx_word' id='word_1_55' title='bbox 289 713 366 748; x_wconf 88' lang='lat' dir='ltr'>Sed</span> <span class='ocrx_word' id='word_1_56' title='bbox 409 711 503 760; x_wconf 86' lang='lat' dir='ltr'>quia</span> <span class='ocrx_word' id='word_1_57' title='bbox 543 712 715 748; x_wconf 88' lang='lat' dir='ltr'>admissa</span> <span class='ocrx_word' id='word_1_58' title='bbox 756 720 812 747; x_wconf 92' lang='lat' dir='ltr'>est</span> <span class='ocrx_word' id='word_1_59' title='bbox 848 712 1134 748; x_wconf 78' lang='lat' dir='ltr'>condicionalis</span> <span class='ocrx_word' id='word_1_60' title='bbox 1168 714 1285 758; x_wconf 89' lang='lat' dir='ltr'>bona,</span> <span class='ocrx_word' id='word_1_61' title='bbox 1334 721 1375 748; x_wconf 89' lang='lat' dir='ltr'>ut</span> <span class='ocrx_word' id='word_1_62' title='bbox 1420 726 1539 759; x_wconf 89' lang='lat' dir='ltr'>nunc,</span> 
     </span>
     <span class='ocr_line' id='line_1_9' title="bbox 231 769 1540 818; baseline 0.001 -13"><span class='ocrx_word' id='word_1_63' title='bbox 231 769 333 805; x_wconf 87' lang='lat' dir='ltr'>sicut</span> <span class='ocrx_word' id='word_1_64' title='bbox 385 780 422 805; x_wconf 89' lang='lat' dir='ltr'>et</span> <span class='ocrx_word' id='word_1_65' title='bbox 468 769 751 806; x_wconf 84' lang='lat' dir='ltr'>conditionalis</span> <span class='ocrx_word' id='word_1_66' title='bbox 792 769 1014 805; x_wconf 87' lang='lat' dir='ltr'>necessaria</span> <span class='ocrx_word' id='word_1_67' title='bbox 1059 782 1101 805; x_wconf 85' lang='lat' dir='ltr'>ex</span> <span class='ocrx_word' id='word_1_68' title='bbox 1146 769 1429 818; x_wconf 87' lang='lat' dir='ltr'>supposicione</span> <span class='ocrx_word' id='word_1_69' title='bbox 1480 772 1540 807; x_wconf 84' lang='lat' dir='ltr'>vel</span> 
     </span>
     <span class='ocr_line' id='line_1_10' title="bbox 231 826 1539 875; baseline 0.002 -13"><span class='ocrx_word' id='word_1_70' title='bbox 231 826 492 863; x_wconf 84' lang='lat' dir='ltr'>ordinacione</span> <span class='ocrx_word' id='word_1_71' title='bbox 526 826 669 872; x_wconf 86' lang='lat' dir='ltr'>divina,</span> <span class='ocrx_word' id='word_1_72' title='bbox 705 835 834 874; x_wconf 88' lang='lat' dir='ltr'>potest</span> <span class='ocrx_word' id='word_1_73' title='bbox 868 831 909 875; x_wconf 71' lang='lat'>35</span> <span class='ocrx_word' id='word_1_74' title='bbox 949 827 1107 862; x_wconf 81' lang='lat' dir='ltr'>admitti</span> <span class='ocrx_word' id='word_1_75' title='bbox 1141 840 1269 873; x_wconf 79' lang='lat' dir='ltr'>caSUS,</span> <span class='ocrx_word' id='word_1_76' title='bbox 1305 836 1341 863; x_wconf 89' lang='lat' dir='ltr'>et</span> <span class='ocrx_word' id='word_1_77' title='bbox 1375 829 1539 864; x_wconf 87' lang='lat' dir='ltr'>concedi</span> 
     </span>
    </p>

    <p class='ocr_par' dir='ltr' id='par_1_4' title="bbox 179 884 1541 1163">
     <span class='ocr_line' id='line_1_11' title="bbox 179 884 1539 933; baseline 0.001 -13"><span class='ocrx_word' id='word_1_78' title='bbox 179 896 216 916; x_wconf 86' lang='lat'>10</span> <span class='ocrx_word' id='word_1_79' title='bbox 232 886 339 932; x_wconf 87' lang='lat' dir='ltr'>quod</span> <span class='ocrx_word' id='word_1_80' title='bbox 372 897 444 932; x_wconf 88' lang='lat' dir='ltr'>pro</span> <span class='ocrx_word' id='word_1_81' title='bbox 478 886 572 920; x_wconf 84' lang='lat' dir='ltr'>dato</span> <span class='ocrx_word' id='word_1_82' title='bbox 605 884 769 920; x_wconf 88' lang='lat' dir='ltr'>instanti</span> <span class='ocrx_word' id='word_1_83' title='bbox 811 885 920 920; x_wconf 91' lang='lat' dir='ltr'>doles</span> <span class='ocrx_word' id='word_1_84' title='bbox 954 886 1001 920; x_wconf 91' lang='lat' dir='ltr'>de</span> <span class='ocrx_word' id='word_1_85' title='bbox 1034 894 1200 932; x_wconf 88' lang='lat' dir='ltr'>peccato</span> <span class='ocrx_word' id='word_1_86' title='bbox 1234 885 1398 932; x_wconf 84' lang='lat' dir='ltr'>proprio</span> <span class='ocrx_word' id='word_1_87' title='bbox 1432 888 1539 933; x_wconf 88' lang='lat' dir='ltr'>quod</span> 
     </span>
     <span class='ocr_line' id='line_1_12' title="bbox 232 943 1541 989; baseline 0.002 -12"><span class='ocrx_word' id='word_1_88' title='bbox 232 943 397 978; x_wconf 89' lang='lat' dir='ltr'>haberes</span> <span class='ocrx_word' id='word_1_89' title='bbox 430 951 519 989; x_wconf 90' lang='lat' dir='ltr'>post</span> <span class='ocrx_word' id='word_1_90' title='bbox 552 943 729 987; x_wconf 87' lang='lat' dir='ltr'>modum,</span> <span class='ocrx_word' id='word_1_91' title='bbox 765 951 802 978; x_wconf 89' lang='lat' dir='ltr'>te</span> <span class='ocrx_word' id='word_1_92' title='bbox 836 943 966 978; x_wconf 88' lang='lat' dir='ltr'>adhuc</span> <span class='ocrx_word' id='word_1_93' title='bbox 1001 951 1186 978; x_wconf 88' lang='lat' dir='ltr'>manente</span> <span class='ocrx_word' id='word_1_94' title='bbox 1219 943 1443 979; x_wconf 83' lang='lat' dir='ltr'>innocente.</span> <span class='ocrx_word' id='word_1_95' title='bbox 1493 946 1541 980; x_wconf 87' lang='lat' dir='ltr'>Et</span> 
     </span>
     <span class='ocr_line' id='line_1_13' title="bbox 232 999 1539 1048; baseline 0.001 -13"><span class='ocrx_word' id='word_1_96' title='bbox 232 999 286 1035; x_wconf 92' lang='lat' dir='ltr'>sic</span> <span class='ocrx_word' id='word_1_97' title='bbox 320 1009 446 1035; x_wconf 88' lang='lat' dir='ltr'>cessat</span> <span class='ocrx_word' id='word_1_98' title='bbox 481 999 671 1044; x_wconf 89' lang='lat' dir='ltr'>obieccio,</span> <span class='ocrx_word' id='word_1_99' title='bbox 722 999 939 1036; x_wconf 82' lang='lat' dir='ltr'>scientibus</span> <span class='ocrx_word' id='word_1_100' title='bbox 985 1000 1273 1048; x_wconf 85' lang='lat' dir='ltr'>ampliaciones</span> <span class='ocrx_word' id='word_1_101' title='bbox 1311 1002 1539 1045; x_wconf 83' lang='lat' dir='ltr'>verborum,</span> 
     </span>
     <span class='ocr_line' id='line_1_14' title="bbox 232 1057 1541 1105; baseline 0.001 -13"><span class='ocrx_word' id='word_1_102' title='bbox 232 1059 437 1105; x_wconf 88' lang='lat' dir='ltr'>quomodo</span> <span class='ocrx_word' id='word_1_103' title='bbox 471 1070 589 1093; x_wconf 90' lang='lat' dir='ltr'>omne</span> <span class='ocrx_word' id='word_1_104' title='bbox 614 1057 847 1104; x_wconf 82' lang='lat' dir='ltr'>preteritum</span> <span class='ocrx_word' id='word_1_105' title='bbox 882 1058 941 1093; x_wconf 89' lang='lat' dir='ltr'>vel</span> <span class='ocrx_word' id='word_1_106' title='bbox 975 1058 1152 1093; x_wconf 85' lang='lat' dir='ltr'>futurum</span> <span class='ocrx_word' id='word_1_107' title='bbox 1179 1067 1234 1094; x_wconf 89' lang='lat' dir='ltr'>est</span> <span class='ocrx_word' id='word_1_108' title='bbox 1258 1070 1418 1105; x_wconf 81' lang='lat' dir='ltr'>presens</span> <span class='ocrx_word' id='word_1_109' title='bbox 1442 1067 1541 1094; x_wconf 90' lang='lat' dir='ltr'>tem-</span> 
     </span>
     <span class='ocr_line' id='line_1_15' title="bbox 231 1115 1541 1163; baseline 0.002 -13"><span class='ocrx_word' id='word_1_110' title='bbox 231 1127 326 1162; x_wconf 84' lang='lat' dir='ltr'>pore</span> <span class='ocrx_word' id='word_1_111' title='bbox 382 1127 465 1150; x_wconf 89' lang='lat' dir='ltr'>suo.</span> <span class='ocrx_word' id='word_1_112' title='bbox 520 1115 559 1151; x_wconf 82' lang='lat' dir='ltr'>Si</span> <span class='ocrx_word' id='word_1_113' title='bbox 613 1124 745 1151; x_wconf 84' lang='lat' dir='ltr'>autern</span> <span class='ocrx_word' id='word_1_114' title='bbox 798 1124 983 1162; x_wconf 78' lang='lat' dir='ltr'>gravetur</span> <span class='ocrx_word' id='word_1_115' title='bbox 1029 1128 1140 1151; x_wconf 89' lang='lat' dir='ltr'>casus</span> <span class='ocrx_word' id='word_1_116' title='bbox 1193 1117 1299 1163; x_wconf 84' lang='lat' dir='ltr'>quod</span> <span class='ocrx_word' id='word_1_117' title='bbox 1354 1116 1541 1152; x_wconf 85' lang='lat' dir='ltr'>continue</span> 
     </span>
    </p>

    <p class='ocr_par' dir='ltr' id='par_1_5' title="bbox 180 1172 1544 1451">
     <span class='ocr_line' id='line_1_16' title="bbox 180 1172 1542 1220; baseline 0.003 -15"><span class='ocrx_word' id='word_1_118' title='bbox 180 1175 394 1208; x_wconf 79' lang='lat' dir='ltr'>15ma11eas</span> <span class='ocrx_word' id='word_1_119' title='bbox 427 1173 631 1218; x_wconf 89' lang='lat' dir='ltr'>innocens,</span> <span class='ocrx_word' id='word_1_120' title='bbox 666 1172 697 1208; x_wconf 91' lang='lat' dir='ltr'>si</span> <span class='ocrx_word' id='word_1_121' title='bbox 731 1186 811 1209; x_wconf 90' lang='lat' dir='ltr'>non</span> <span class='ocrx_word' id='word_1_122' title='bbox 846 1173 900 1209; x_wconf 91' lang='lat' dir='ltr'>sic</span> <span class='ocrx_word' id='word_1_123' title='bbox 935 1174 1108 1208; x_wconf 85' lang='lat' dir='ltr'>dolendo</span> <span class='ocrx_word' id='word_1_124' title='bbox 1142 1173 1382 1220; x_wconf 84' lang='lat' dir='ltr'>peccaveris,</span> <span class='ocrx_word' id='word_1_125' title='bbox 1415 1183 1542 1209; x_wconf 88' lang='lat' dir='ltr'>stante</span> 
     </span>
     <span class='ocr_line' id='line_1_17' title="bbox 232 1229 1542 1278; baseline 0.002 -14"><span class='ocrx_word' id='word_1_126' title='bbox 232 1229 391 1265; x_wconf 88' lang='lat' dir='ltr'>residuo</span> <span class='ocrx_word' id='word_1_127' title='bbox 426 1242 558 1266; x_wconf 86' lang='lat' dir='ltr'>casus:</span> <span class='ocrx_word' id='word_1_128' title='bbox 602 1238 753 1266; x_wconf 85' lang='lat' dir='ltr'>certum</span> <span class='ocrx_word' id='word_1_129' title='bbox 795 1239 851 1266; x_wconf 90' lang='lat' dir='ltr'>est</span> <span class='ocrx_word' id='word_1_130' title='bbox 885 1232 992 1278; x_wconf 86' lang='lat' dir='ltr'>quod</span> <span class='ocrx_word' id='word_1_131' title='bbox 1034 1243 1147 1266; x_wconf 88' lang='lat' dir='ltr'>casus</span> <span class='ocrx_word' id='word_1_132' title='bbox 1182 1240 1238 1267; x_wconf 88' lang='lat' dir='ltr'>est</span> <span class='ocrx_word' id='word_1_133' title='bbox 1271 1231 1542 1278; x_wconf 87' lang='lat' dir='ltr'>impossibilis,</span> 
     </span>
     <span class='ocr_line' id='line_1_18' title="bbox 231 1287 1543 1334; baseline 0.002 -12"><span class='ocrx_word' id='word_1_134' title='bbox 231 1287 443 1334; x_wconf 87' lang='lat' dir='ltr'>implicans</span> <span class='ocrx_word' id='word_1_135' title='bbox 488 1287 858 1324; x_wconf 88' lang='lat' dir='ltr'>inconvenienciam</span> <span class='ocrx_word' id='word_1_136' title='bbox 904 1288 944 1323; x_wconf 92' lang='lat' dir='ltr'>in</span> <span class='ocrx_word' id='word_1_137' title='bbox 990 1288 1250 1324; x_wconf 82' lang='lat' dir='ltr'>ordinacione</span> <span class='ocrx_word' id='word_1_138' title='bbox 1296 1288 1447 1333; x_wconf 69' lang='lat' dir='ltr'>divina,</span> <span class='ocrx_word' id='word_1_139' title='bbox 1501 1298 1543 1325; x_wconf 89' lang='lat' dir='ltr'>ut</span> 
     </span>
     <span class='ocr_line' id='line_1_19' title="bbox 232 1345 1541 1393; baseline 0.002 -13"><span class='ocrx_word' id='word_1_140' title='bbox 232 1354 327 1392; x_wconf 88' lang='lat' dir='ltr'>puta</span> <span class='ocrx_word' id='word_1_141' title='bbox 361 1346 469 1392; x_wconf 88' lang='lat' dir='ltr'>quod</span> <span class='ocrx_word' id='word_1_142' title='bbox 503 1346 597 1381; x_wconf 88' lang='lat' dir='ltr'>deus</span> <span class='ocrx_word' id='word_1_143' title='bbox 621 1345 780 1381; x_wconf 85' lang='lat' dir='ltr'>ordinet</span> <span class='ocrx_word' id='word_1_144' title='bbox 813 1355 849 1381; x_wconf 86' lang='lat' dir='ltr'>te</span> <span class='ocrx_word' id='word_1_145' title='bbox 883 1355 1076 1393; x_wconf 85' lang='lat' dir='ltr'>perpetuo</span> <span class='ocrx_word' id='word_1_146' title='bbox 1107 1345 1361 1382; x_wconf 84' lang='lat' dir='ltr'>innocentem</span> <span class='ocrx_word' id='word_1_147' title='bbox 1387 1355 1423 1382; x_wconf 90' lang='lat' dir='ltr'>et</span> <span class='ocrx_word' id='word_1_148' title='bbox 1453 1359 1541 1382; x_wconf 88' lang='lat' dir='ltr'>cum</span> 
     </span>
     <span class='ocr_line' id='line_1_20' title="bbox 233 1402 1544 1451; baseline 0.001 -13"><span class='ocrx_word' id='word_1_149' title='bbox 233 1404 307 1438; x_wconf 90' lang='lat' dir='ltr'>hoc</span> <span class='ocrx_word' id='word_1_150' title='bbox 340 1402 497 1438; x_wconf 89' lang='lat' dir='ltr'>ordinet</span> <span class='ocrx_word' id='word_1_151' title='bbox 536 1411 573 1438; x_wconf 92' lang='lat' dir='ltr'>te</span> <span class='ocrx_word' id='word_1_152' title='bbox 608 1402 748 1438; x_wconf 85' lang='lat' dir='ltr'>elicere</span> <span class='ocrx_word' id='word_1_153' title='bbox 781 1404 901 1438; x_wconf 88' lang='lat' dir='ltr'>talem</span> <span class='ocrx_word' id='word_1_154' title='bbox 942 1412 1074 1438; x_wconf 83' lang='lat' dir='ltr'>actum</span> <span class='ocrx_word' id='word_1_155' title='bbox 1118 1415 1160 1438; x_wconf 86' lang='lat' dir='ltr'>ex</span> <span class='ocrx_word' id='word_1_156' title='bbox 1193 1416 1272 1451; x_wconf 87' lang='lat' dir='ltr'>quo</span> <span class='ocrx_word' id='word_1_157' title='bbox 1320 1416 1409 1439; x_wconf 90' lang='lat' dir='ltr'>cum</span> <span class='ocrx_word' id='word_1_158' title='bbox 1444 1404 1544 1440; x_wconf 92' lang='lat' dir='ltr'>obli-</span> 
     </span>
    </p>

    <p class='ocr_par' dir='ltr' id='par_1_6' title="bbox 176 1460 1544 1681">
     <span class='ocr_line' id='line_1_21' title="bbox 176 1460 1543 1507; baseline 0.001 -12"><span class='ocrx_word' id='word_1_159' title='bbox 176 1470 216 1491; x_wconf 73' lang='lat'>2’0</span> <span class='ocrx_word' id='word_1_160' title='bbox 233 1460 399 1507; x_wconf 80' lang='lat' dir='ltr'>gacione</span> <span class='ocrx_word' id='word_1_161' title='bbox 432 1460 613 1507; x_wconf 85' lang='lat' dir='ltr'>sequitur</span> <span class='ocrx_word' id='word_1_162' title='bbox 646 1469 682 1496; x_wconf 90' lang='lat' dir='ltr'>te</span> <span class='ocrx_word' id='word_1_163' title='bbox 717 1472 894 1507; x_wconf 88' lang='lat' dir='ltr'>peccare.</span> <span class='ocrx_word' id='word_1_164' title='bbox 949 1461 1053 1504; x_wconf 86' lang='lat' dir='ltr'>Ideo,</span> <span class='ocrx_word' id='word_1_165' title='bbox 1088 1460 1118 1496; x_wconf 89' lang='lat' dir='ltr'>si</span> <span class='ocrx_word' id='word_1_166' title='bbox 1153 1462 1248 1497; x_wconf 88' lang='lat' dir='ltr'>deus</span> <span class='ocrx_word' id='word_1_167' title='bbox 1281 1460 1440 1497; x_wconf 87' lang='lat' dir='ltr'>ordinat</span> <span class='ocrx_word' id='word_1_168' title='bbox 1473 1461 1543 1497; x_wconf 87' lang='lat' dir='ltr'>tibi</span> 
     </span>
     <span class='ocr_line' id='line_1_22' title="bbox 233 1517 1543 1566; baseline 0 -12"><span class='ocrx_word' id='word_1_169' title='bbox 233 1526 270 1554; x_wconf 87' lang='lat' dir='ltr'>te</span> <span class='ocrx_word' id='word_1_170' title='bbox 305 1517 533 1553; x_wconf 84' lang='lat' dir='ltr'>habiturum</span> <span class='ocrx_word' id='word_1_171' title='bbox 580 1527 816 1565; x_wconf 86' lang='lat' dir='ltr'>perpetuam</span> <span class='ocrx_word' id='word_1_172' title='bbox 852 1518 1148 1563; x_wconf 81' lang='lat' dir='ltr'>innocenciam‚</span> <span class='ocrx_word' id='word_1_173' title='bbox 1192 1518 1253 1555; x_wconf 93' lang='lat' dir='ltr'>vel</span> <span class='ocrx_word' id='word_1_174' title='bbox 1298 1519 1543 1566; x_wconf 77' lang='lat' dir='ltr'>preservabit</span> 
     </span>
     <span class='ocr_line' id='line_1_23' title="bbox 232 1575 1544 1625; baseline 0.001 -14"><span class='ocrx_word' id='word_1_175' title='bbox 232 1584 269 1611; x_wconf 90' lang='lat' dir='ltr'>te</span> <span class='ocrx_word' id='word_1_176' title='bbox 304 1588 351 1611; x_wconf 92' lang='lat' dir='ltr'>ne</span> <span class='ocrx_word' id='word_1_177' title='bbox 384 1575 518 1611; x_wconf 88' lang='lat' dir='ltr'>elicias</span> <span class='ocrx_word' id='word_1_178' title='bbox 551 1576 670 1611; x_wconf 88' lang='lat' dir='ltr'>talem</span> <span class='ocrx_word' id='word_1_179' title='bbox 706 1584 853 1625; x_wconf 81' lang='lat' dir='ltr'>actum,</span> <span class='ocrx_word' id='word_1_180' title='bbox 885 1576 946 1611; x_wconf 90' lang='lat' dir='ltr'>vel</span> <span class='ocrx_word' id='word_1_181' title='bbox 977 1576 1095 1612; x_wconf 86' lang='lat' dir='ltr'>faciet</span> <span class='ocrx_word' id='word_1_182' title='bbox 1127 1578 1233 1624; x_wconf 85' lang='lat' dir='ltr'>quod</span> <span class='ocrx_word' id='word_1_183' title='bbox 1279 1589 1360 1612; x_wconf 92' lang='lat' dir='ltr'>non</span> <span class='ocrx_word' id='word_1_184' title='bbox 1393 1576 1544 1624; x_wconf 81' lang='lat' dir='ltr'>obliga-</span> 
     </span>
     <span class='ocr_line' id='line_1_24' title="bbox 232 1633 1313 1681; baseline 0.001 -13"><span class='ocrx_word' id='word_1_185' title='bbox 232 1633 335 1669; x_wconf 89' lang='lat' dir='ltr'>beris</span> <span class='ocrx_word' id='word_1_186' title='bbox 368 1634 439 1669; x_wconf 89' lang='lat' dir='ltr'>sub</span> <span class='ocrx_word' id='word_1_187' title='bbox 472 1633 602 1669; x_wconf 89' lang='lat' dir='ltr'>forma</span> <span class='ocrx_word' id='word_1_188' title='bbox 635 1645 677 1669; x_wconf 84' lang='lat' dir='ltr'>ex</span> <span class='ocrx_word' id='word_1_189' title='bbox 712 1646 789 1680; x_wconf 84' lang='lat' dir='ltr'>qua</span> <span class='ocrx_word' id='word_1_190' title='bbox 823 1633 1004 1681; x_wconf 85' lang='lat' dir='ltr'>sequitur</span> <span class='ocrx_word' id='word_1_191' title='bbox 1036 1642 1073 1669; x_wconf 82' lang='lat' dir='ltr'>te</span> <span class='ocrx_word' id='word_1_192' title='bbox 1106 1634 1313 1681; x_wconf 90' lang='lat' dir='ltr'>perplecti.</span> 
     </span>
    </p>

    <p class='ocr_par' dir='ltr' id='par_1_7' title="bbox 291 1690 1540 1738">
     <span class='ocr_line' id='line_1_25' title="bbox 291 1690 1540 1738; baseline 0 -11"><span class='ocrx_word' id='word_1_193' title='bbox 291 1690 562 1727; x_wconf 89' lang='lat' dir='ltr'>Conformiter</span> <span class='ocrx_word' id='word_1_194' title='bbox 596 1690 741 1726; x_wconf 87' lang='lat' dir='ltr'>dicitur</span> <span class='ocrx_word' id='word_1_195' title='bbox 775 1692 896 1738; x_wconf 85' lang='lat' dir='ltr'>quod,</span> <span class='ocrx_word' id='word_1_196' title='bbox 931 1692 1004 1726; x_wconf 87' lang='lat' dir='ltr'>deo</span> <span class='ocrx_word' id='word_1_197' title='bbox 1038 1691 1284 1738; x_wconf 87' lang='lat' dir='ltr'>precipiente</span> <span class='ocrx_word' id='word_1_198' title='bbox 1320 1691 1439 1727; x_wconf 89' lang='lat' dir='ltr'>michi</span> <span class='ocrx_word' id='word_1_199' title='bbox 1472 1703 1540 1727; x_wconf 91' lang='lat' dir='ltr'>ne-</span> 
     </span>
    </p>

    <p class='ocr_par' dir='ltr' id='par_1_8' title="bbox 176 1747 1540 2026">
     <span class='ocr_line' id='line_1_26' title="bbox 176 1747 1539 1796; baseline 0.001 -13"><span class='ocrx_word' id='word_1_200' title='bbox 176 1747 215 1779; x_wconf 79' lang='lat'>25</span> <span class='ocrx_word' id='word_1_201' title='bbox 232 1748 361 1796; x_wconf 77' lang='lat' dir='ltr'>gative</span> <span class='ocrx_word' id='word_1_202' title='bbox 385 1749 455 1784; x_wconf 89' lang='lat' dir='ltr'>sub</span> <span class='ocrx_word' id='word_1_203' title='bbox 489 1760 591 1796; x_wconf 83' lang='lat' dir='ltr'>pena</span> <span class='ocrx_word' id='word_1_204' title='bbox 614 1748 768 1795; x_wconf 86' lang='lat' dir='ltr'>peccati</span> <span class='ocrx_word' id='word_1_205' title='bbox 793 1748 988 1794; x_wconf 86' lang='lat' dir='ltr'>mortalis,</span> <span class='ocrx_word' id='word_1_206' title='bbox 1023 1750 1130 1796; x_wconf 87' lang='lat' dir='ltr'>quod</span> <span class='ocrx_word' id='word_1_207' title='bbox 1164 1761 1233 1796; x_wconf 90' lang='lat' dir='ltr'>per</span> <span class='ocrx_word' id='word_1_208' title='bbox 1255 1749 1373 1785; x_wconf 86' lang='lat' dir='ltr'>istam</span> <span class='ocrx_word' id='word_1_209' title='bbox 1399 1750 1539 1784; x_wconf 88' lang='lat' dir='ltr'>horam</span> 
     </span>
     <span class='ocr_line' id='line_1_27' title="bbox 232 1805 1539 1853; baseline 0 -11"><span class='ocrx_word' id='word_1_210' title='bbox 232 1819 312 1842; x_wconf 90' lang='lat' dir='ltr'>non</span> <span class='ocrx_word' id='word_1_211' title='bbox 357 1805 521 1853; x_wconf 81' lang='lat' dir='ltr'>diligam</span> <span class='ocrx_word' id='word_1_212' title='bbox 563 1818 667 1851; x_wconf 86' lang='lat' dir='ltr'>eum,</span> <span class='ocrx_word' id='word_1_213' title='bbox 713 1806 773 1841; x_wconf 90' lang='lat' dir='ltr'>vel</span> <span class='ocrx_word' id='word_1_214' title='bbox 819 1806 990 1853; x_wconf 81' lang='lat' dir='ltr'>cogitem</span> <span class='ocrx_word' id='word_1_215' title='bbox 1040 1807 1087 1842; x_wconf 90' lang='lat' dir='ltr'>de</span> <span class='ocrx_word' id='word_1_216' title='bbox 1121 1819 1165 1842; x_wconf 92' lang='lat' dir='ltr'>eo</span> <span class='ocrx_word' id='word_1_217' title='bbox 1200 1806 1423 1852; x_wconf 80' lang='lat' dir='ltr'>actualiter,</span> <span class='ocrx_word' id='word_1_218' title='bbox 1471 1808 1539 1842; x_wconf 89' lang='lat' dir='ltr'>secl</span> 
     </span>
     <span class='ocr_line' id='line_1_28' title="bbox 232 1863 1540 1912; baseline 0 -13"><span class='ocrx_word' id='word_1_219' title='bbox 232 1876 368 1900; x_wconf 88' lang='lat' dir='ltr'>vacem</span> <span class='ocrx_word' id='word_1_220' title='bbox 402 1863 512 1910; x_wconf 78' lang='lat' dir='ltr'>praxi</span> <span class='ocrx_word' id='word_1_221' title='bbox 546 1865 653 1911; x_wconf 83' lang='lat' dir='ltr'>quod</span> <span class='ocrx_word' id='word_1_222' title='bbox 687 1863 857 1911; x_wconf 80' lang='lat' dir='ltr'>expedit,</span> <span class='ocrx_word' id='word_1_223' title='bbox 906 1864 1123 1912; x_wconf 86' lang='lat' dir='ltr'>aliquando</span> <span class='ocrx_word' id='word_1_224' title='bbox 1156 1876 1237 1899; x_wconf 88' lang='lat' dir='ltr'>non</span> <span class='ocrx_word' id='word_1_225' title='bbox 1284 1872 1383 1899; x_wconf 91' lang='lat' dir='ltr'>esset</span> <span class='ocrx_word' id='word_1_226' title='bbox 1416 1863 1540 1911; x_wconf 90' lang='lat' dir='ltr'>possi-</span> 
     </span>
     <span class='ocr_line' id='line_1_29' title="bbox 232 1921 1539 1968; baseline -0.001 -11"><span class='ocrx_word' id='word_1_227' title='bbox 232 1921 310 1957; x_wconf 88' lang='lat' dir='ltr'>bile</span> <span class='ocrx_word' id='word_1_228' title='bbox 344 1922 494 1957; x_wconf 89' lang='lat' dir='ltr'>Solvere</span> <span class='ocrx_word' id='word_1_229' title='bbox 527 1921 623 1957; x_wconf 87' lang='lat' dir='ltr'>illud</span> <span class='ocrx_word' id='word_1_230' title='bbox 649 1923 883 1958; x_wconf 84' lang='lat' dir='ltr'>mandatum</span> <span class='ocrx_word' id='word_1_231' title='bbox 918 1934 997 1968; x_wconf 86' lang='lat' dir='ltr'>quo</span> <span class='ocrx_word' id='word_1_232' title='bbox 1031 1923 1079 1957; x_wconf 88' lang='lat' dir='ltr'>ad</span> <span class='ocrx_word' id='word_1_233' title='bbox 1114 1930 1268 1968; x_wconf 87' lang='lat' dir='ltr'>partem</span> <span class='ocrx_word' id='word_1_234' title='bbox 1300 1921 1539 1968; x_wconf 77' lang='lat' dir='ltr'>negativam,</span> 
     </span>
     <span class='ocr_line' id='line_1_30' title="bbox 233 1971 1538 2026; baseline -0.001 -11"><span class='ocrx_word' id='word_1_235' title='bbox 233 1992 321 2015; x_wconf 80' lang='lat' dir='ltr'>cuin</span> <span class='ocrx_word' id='word_1_236' title='bbox 356 1991 436 2014; x_wconf 89' lang='lat' dir='ltr'>non</span> <span class='ocrx_word' id='word_1_237' title='bbox 469 1978 592 2026; x_wconf 85' lang='lat' dir='ltr'>possit</span> <span class='ocrx_word' id='word_1_238' title='bbox 636 1979 732 2014; x_wconf 92' lang='lat' dir='ltr'>solvi</span> <span class='ocrx_word' id='word_1_239' title='bbox 767 1992 846 2026; x_wconf 83' lang='lat' dir='ltr'>quo</span> <span class='ocrx_word' id='word_1_240' title='bbox 894 1980 942 2014; x_wconf 85' lang='lat' dir='ltr'>ad</span> <span class='ocrx_word' id='word_1_241' title='bbox 974 1971 1055 2022; x_wconf 87' lang='lat' dir='ltr'>illa,</span> <span class='ocrx_word' id='word_1_242' title='bbox 1102 1978 1175 2014; x_wconf 90' lang='lat' dir='ltr'>nisi</span> <span class='ocrx_word' id='word_1_243' title='bbox 1221 1978 1402 2014; x_wconf 89' lang='lat' dir='ltr'>faciendo</span> <span class='ocrx_word' id='word_1_244' title='bbox 1436 1979 1538 2014; x_wconf 83' lang='lat' dir='ltr'>affir-</span> 
     </span>
    </p>

    <p class='ocr_par' dir='ltr' id='par_1_9' title="bbox 177 2036 1542 2601">
     <span class='ocr_line' id='line_1_31' title="bbox 177 2036 1538 2084; baseline -0.001 -12"><span class='ocrx_word' id='word_1_245' title='bbox 177 2036 457 2072; x_wconf 73' lang='lat' dir='ltr'>3omacionem</span> <span class='ocrx_word' id='word_1_246' title='bbox 493 2036 702 2083; x_wconf 74' lang='lat' dir='ltr'>negacioni</span> <span class='ocrx_word' id='word_1_247' title='bbox 746 2036 974 2084; x_wconf 86' lang='lat' dir='ltr'>oppositam</span> <span class='ocrx_word' id='word_1_248' title='bbox 1010 2049 1085 2083; x_wconf 86' lang='lat' dir='ltr'>que</span> <span class='ocrx_word' id='word_1_249' title='bbox 1119 2045 1175 2071; x_wconf 90' lang='lat' dir='ltr'>est</span> <span class='ocrx_word' id='word_1_250' title='bbox 1209 2036 1373 2083; x_wconf 82' lang='lat' dir='ltr'>diligere</span> <span class='ocrx_word' id='word_1_251' title='bbox 1407 2037 1538 2071; x_wconf 89' lang='lat' dir='ltr'>deum.</span> 
     </span>
     <span class='ocr_line' id='line_1_32' title="bbox 234 2093 1540 2141; baseline 0 -12"><span class='ocrx_word' id='word_1_252' title='bbox 234 2096 280 2129; x_wconf 82' lang='lat' dir='ltr'>Et</span> <span class='ocrx_word' id='word_1_253' title='bbox 314 2102 464 2129; x_wconf 89' lang='lat' dir='ltr'>certum</span> <span class='ocrx_word' id='word_1_254' title='bbox 501 2102 558 2129; x_wconf 87' lang='lat' dir='ltr'>est</span> <span class='ocrx_word' id='word_1_255' title='bbox 592 2095 699 2141; x_wconf 89' lang='lat' dir='ltr'>quod</span> <span class='ocrx_word' id='word_1_256' title='bbox 735 2094 885 2130; x_wconf 86' lang='lat' dir='ltr'>claudit</span> <span class='ocrx_word' id='word_1_257' title='bbox 919 2093 1300 2138; x_wconf 84' lang='lat' dir='ltr'>contradiccionem,</span> <span class='ocrx_word' id='word_1_258' title='bbox 1337 2093 1540 2141; x_wconf 81' lang='lat' dir='ltr'>diligendo</span> 
     </span>
     <span class='ocr_line' id='line_1_33' title="bbox 234 2150 1542 2199; baseline 0.001 -13"><span class='ocrx_word' id='word_1_259' title='bbox 234 2153 351 2187; x_wconf 85' lang='lat' dir='ltr'>deum</span> <span class='ocrx_word' id='word_1_260' title='bbox 386 2163 565 2199; x_wconf 90' lang='lat' dir='ltr'>peccare.</span> <span class='ocrx_word' id='word_1_261' title='bbox 599 2154 646 2186; x_wconf 84' lang='lat' dir='ltr'>Et</span> <span class='ocrx_word' id='word_1_262' title='bbox 671 2151 930 2187; x_wconf 85' lang='lat' dir='ltr'>conformiter</span> <span class='ocrx_word' id='word_1_263' title='bbox 963 2150 1110 2198; x_wconf 82' lang='lat' dir='ltr'>dicitur</span> <span class='ocrx_word' id='word_1_264' title='bbox 1143 2152 1193 2187; x_wconf 87' lang='lat' dir='ltr'>ad</span> <span class='ocrx_word' id='word_1_265' title='bbox 1226 2151 1321 2187; x_wconf 90' lang='lat' dir='ltr'>talia</span> <span class='ocrx_word' id='word_1_266' title='bbox 1353 2160 1542 2199; x_wconf 88' lang='lat' dir='ltr'>precepta</span> 
     </span>
     <span class='ocr_line' id='line_1_34' title="bbox 233 2208 1541 2259; baseline -0.001 -14"><span class='ocrx_word' id='word_1_267' title='bbox 233 2208 430 2256; x_wconf 84' lang='lat' dir='ltr'>negativa,</span> <span class='ocrx_word' id='word_1_268' title='bbox 478 2221 548 2245; x_wconf 78' lang='lat' dir='ltr'>non</span> <span class='ocrx_word' id='word_1_269' title='bbox 583 2209 726 2259; x_wconf 73' lang='lat' dir='ltr'>diligas</span> <span class='ocrx_word' id='word_1_270' title='bbox 771 2210 880 2244; x_wconf 79' lang='lat' dir='ltr'>deum</span> <span class='ocrx_word' id='word_1_271' title='bbox 915 2209 1020 2244; x_wconf 74' lang='lat' dir='ltr'>ultra</span> <span class='ocrx_word' id='word_1_272' title='bbox 1057 2209 1229 2258; x_wconf 75' lang='lat' dir='ltr'>gradum</span> <span class='ocrx_word' id='word_1_273' title='bbox 1263 2216 1303 2244; x_wconf 72' lang='grc' dir='ltr'>υτ</span> <span class='ocrx_word' id='word_1_274' title='bbox 1334 2212 1412 2253; x_wconf 55' lang='lat'>4⁰⁷3</span> <span class='ocrx_word' id='word_1_275' title='bbox 1469 2221 1541 2244; x_wconf 85' lang='lat' dir='ltr'>non</span> 
     </span>
     <span class='ocr_line' id='line_1_35' title="bbox 234 2266 1541 2315; baseline 0 -14"><span class='ocrx_word' id='word_1_276' title='bbox 234 2266 393 2315; x_wconf 76' lang='lat' dir='ltr'>incipias</span> <span class='ocrx_word' id='word_1_277' title='bbox 433 2278 599 2315; x_wconf 72' lang='lat' dir='ltr'>peccare</span> <span class='ocrx_word' id='word_1_278' title='bbox 643 2279 714 2301; x_wconf 77' lang='lat' dir='ltr'>non</span> <span class='ocrx_word' id='word_1_279' title='bbox 749 2266 962 2314; x_wconf 77' lang='lat' dir='ltr'>incipiendo</span> <span class='ocrx_word' id='word_1_280' title='bbox 999 2278 1074 2315; x_wconf 78' lang='lat' dir='ltr'>per</span> <span class='ocrx_word' id='word_1_281' title='bbox 1101 2266 1334 2314; x_wconf 42' lang='lat' dir='ltr'>posicionen&#39;z</span> <span class='ocrx_word' id='word_1_282' title='bbox 1376 2266 1423 2301; x_wconf 83' lang='lat' dir='ltr'>de</span> <span class='ocrx_word' id='word_1_283' title='bbox 1450 2278 1541 2314; x_wconf 77' lang='lat' dir='ltr'>pre-</span> 
     </span>
     <span class='ocr_line' id='line_1_36' title="bbox 177 2322 1542 2370; baseline -0.001 -10"><span class='ocrx_word' id='word_1_284' title='bbox 177 2324 348 2368; x_wconf 76' lang='lat' dir='ltr'>35senti,·</span> <span class='ocrx_word' id='word_1_285' title='bbox 392 2333 428 2359; x_wconf 91' lang='lat' dir='ltr'>et</span> <span class='ocrx_word' id='word_1_286' title='bbox 460 2323 516 2359; x_wconf 91' lang='lat' dir='ltr'>sic</span> <span class='ocrx_word' id='word_1_287' title='bbox 549 2324 596 2359; x_wconf 88' lang='lat' dir='ltr'>de</span> <span class='ocrx_word' id='word_1_288' title='bbox 629 2323 836 2362; x_wconf 86' lang='lat' dir='ltr'>similibus.</span> <span class='ocrx_word' id='word_1_289' title='bbox 869 2325 967 2359; x_wconf 87' lang='lat' dir='ltr'>Nam</span> <span class='ocrx_word' id='word_1_290' title='bbox 994 2322 1167 2370; x_wconf 86' lang='lat' dir='ltr'>primum</span> <span class='ocrx_word' id='word_1_291' title='bbox 1194 2325 1428 2359; x_wconf 81' lang='lat' dir='ltr'>mandatum</span> <span class='ocrx_word' id='word_1_292' title='bbox 1462 2335 1542 2358; x_wconf 91' lang='lat' dir='ltr'>non</span> 
     </span>
     <span class='ocr_line' id='line_1_37' title="bbox 234 2380 1541 2429; baseline 0 -13"><span class='ocrx_word' id='word_1_293' title='bbox 234 2393 396 2429; x_wconf 87' lang='lat' dir='ltr'>possum</span> <span class='ocrx_word' id='word_1_294' title='bbox 442 2381 671 2428; x_wconf 80' lang='lat' dir='ltr'>infringere,</span> <span class='ocrx_word' id='word_1_295' title='bbox 725 2380 799 2416; x_wconf 89' lang='lat' dir='ltr'>nisi</span> <span class='ocrx_word' id='word_1_296' title='bbox 840 2380 1042 2428; x_wconf 78' lang='lat' dir='ltr'>diligendo</span> <span class='ocrx_word' id='word_1_297' title='bbox 1076 2382 1192 2416; x_wconf 88' lang='lat' dir='ltr'>deum</span> <span class='ocrx_word' id='word_1_298' title='bbox 1233 2381 1339 2416; x_wconf 85' lang='lat' dir='ltr'>ultra</span> <span class='ocrx_word' id='word_1_299' title='bbox 1372 2382 1541 2428; x_wconf 85' lang='lat' dir='ltr'>gradum</span> 
     </span>
     <span class='ocr_line' id='line_1_38' title="bbox 233 2438 1540 2487; baseline 0.001 -13"><span class='ocrx_word' id='word_1_300' title='bbox 233 2448 275 2474; x_wconf 88' lang='lat' dir='ltr'>ut</span> <span class='ocrx_word' id='word_1_301' title='bbox 309 2442 385 2487; x_wconf 59' lang='lat'>40¹2</span> <span class='ocrx_word' id='word_1_302' title='bbox 420 2441 466 2474; x_wconf 80' lang='lat' dir='ltr'>Et</span> <span class='ocrx_word' id='word_1_303' title='bbox 501 2447 652 2474; x_wconf 87' lang='lat' dir='ltr'>certum</span> <span class='ocrx_word' id='word_1_304' title='bbox 688 2448 743 2474; x_wconf 90' lang='lat' dir='ltr'>est</span> <span class='ocrx_word' id='word_1_305' title='bbox 769 2440 875 2486; x_wconf 87' lang='lat' dir='ltr'>quod</span> <span class='ocrx_word' id='word_1_306' title='bbox 900 2451 981 2474; x_wconf 92' lang='lat' dir='ltr'>non</span> <span class='ocrx_word' id='word_1_307' title='bbox 1005 2450 1228 2485; x_wconf 83' lang='lat' dir='ltr'>peccarem,</span> <span class='ocrx_word' id='word_1_308' title='bbox 1264 2438 1319 2474; x_wconf 91' lang='lat' dir='ltr'>sic</span> <span class='ocrx_word' id='word_1_309' title='bbox 1343 2438 1540 2476; x_wconf 77' lang='lat' dir='ltr'>faciendo.</span> 
     </span>
     <span class='ocr_line' id='line_1_39' title="bbox 233 2495 1542 2544; baseline -0.001 -12"><span class='ocrx_word' id='word_1_310' title='bbox 233 2499 280 2532; x_wconf 89' lang='lat' dir='ltr'>Et</span> <span class='ocrx_word' id='word_1_311' title='bbox 304 2509 383 2544; x_wconf 85' lang='lat' dir='ltr'>quo</span> <span class='ocrx_word' id='word_1_312' title='bbox 407 2497 457 2532; x_wconf 88' lang='lat' dir='ltr'>ad</span> <span class='ocrx_word' id='word_1_313' title='bbox 492 2500 562 2542; x_wconf 61' lang='lat'>2¹³¹,</span> <span class='ocrx_word' id='word_1_314' title='bbox 597 2505 706 2543; x_wconf 87' lang='lat' dir='ltr'>patet</span> <span class='ocrx_word' id='word_1_315' title='bbox 741 2497 847 2544; x_wconf 86' lang='lat' dir='ltr'>quod</span> <span class='ocrx_word' id='word_1_316' title='bbox 882 2495 912 2531; x_wconf 91' lang='lat' dir='ltr'>si</span> <span class='ocrx_word' id='word_1_317' title='bbox 946 2496 1203 2542; x_wconf 80' lang='lat' dir='ltr'>infringerem</span> <span class='ocrx_word' id='word_1_318' title='bbox 1239 2495 1335 2531; x_wconf 88' lang='lat' dir='ltr'>illud</span> <span class='ocrx_word' id='word_1_319' title='bbox 1361 2508 1434 2543; x_wconf 86' lang='lat' dir='ltr'>pro</span> <span class='ocrx_word' id='word_1_320' title='bbox 1469 2497 1542 2531; x_wconf 89' lang='lat' dir='ltr'>hoc</span> 
     </span>
     <span class='ocr_line' id='line_1_40' title="bbox 232 2553 1541 2601; baseline -0.002 -11"><span class='ocrx_word' id='word_1_321' title='bbox 232 2554 396 2590; x_wconf 86' lang='lat' dir='ltr'>instanti</span> <span class='ocrx_word' id='word_1_322' title='bbox 429 2553 572 2601; x_wconf 88' lang='lat' dir='ltr'>primo,</span> <span class='ocrx_word' id='word_1_323' title='bbox 620 2566 691 2600; x_wconf 82' lang='lat' dir='ltr'>ego</span> <span class='ocrx_word' id='word_1_324' title='bbox 724 2553 944 2600; x_wconf 84' lang='lat' dir='ltr'>inciperem</span> <span class='ocrx_word' id='word_1_325' title='bbox 991 2565 1157 2600; x_wconf 90' lang='lat' dir='ltr'>peccare</span> <span class='ocrx_word' id='word_1_326' title='bbox 1192 2565 1261 2600; x_wconf 89' lang='lat' dir='ltr'>per</span> <span class='ocrx_word' id='word_1_327' title='bbox 1294 2553 1541 2600; x_wconf 84' lang='lat' dir='ltr'>posicionem</span> 
     </span>
    </p>
   </div>
   <div class='ocr_carea' id='block_1_3' title="bbox 301 2726 1025 2764">
    <p class='ocr_par' dir='ltr' id='par_1_10' title="bbox 301 2726 1025 2764">
     <span class='ocr_line' id='line_1_41' title="bbox 301 2726 1025 2764; baseline -0.003 -8"><span class='ocrx_word' id='word_1_328' title='bbox 301 2728 326 2756; x_wconf 83' lang='lat'>3.</span> <span class='ocrx_word' id='word_1_329' title='bbox 348 2733 462 2764; x_wconf 55' lang='lat' dir='ltr'>potntss</span> <span class='ocrx_word' id='word_1_330' title='bbox 493 2728 532 2762; x_wconf 88' lang='lat' dir='ltr'>B;</span> <span class='ocrx_word' id='word_1_331' title='bbox 554 2729 591 2755; x_wconf 81' lang='lat' dir='ltr'>ib.</span> <span class='ocrx_word' id='word_1_332' title='bbox 614 2728 717 2755; x_wconf 82' lang='lat' dir='ltr'>en&#39;uat</span> <span class='ocrx_word' id='word_1_333' title='bbox 738 2728 770 2754; x_wconf 84' lang='grc' dir='ltr'>Β.</span> <span class='ocrx_word' id='word_1_334' title='bbox 879 2727 908 2755; x_wconf 90' lang='lat'>6.</span> <span class='ocrx_word' id='word_1_335' title='bbox 931 2726 966 2754; x_wconf 79' lang='lat' dir='ltr'>sie</span> <span class='ocrx_word' id='word_1_336' title='bbox 992 2727 1025 2754; x_wconf 88' lang='lat' dir='ltr'>B.</span> 
     </span>
    </p>
   </div>
   <div class='ocr_carea' id='block_1_4' title="bbox 234 2811 1542 2900">
    <p class='ocr_par' dir='ltr' id='par_1_11' title="bbox 234 2811 1542 2900">
     <span class='ocr_line' id='line_1_42' title="bbox 302 2811 1542 2853; baseline -0.002 -10"><span class='ocrx_word' id='word_1_337' title='bbox 302 2811 331 2843; x_wconf 81' lang='grc'>6.</span> <span class='ocrx_word' id='word_1_338' title='bbox 360 2812 593 2843; x_wconf 79' lang='lat' dir='ltr'>Liberahiz‘ur.</span> <span class='ocrx_word' id='word_1_339' title='bbox 636 2812 791 2843; x_wconf 68' lang='lat' dir='ltr'>Allusion</span> <span class='ocrx_word' id='word_1_340' title='bbox 831 2819 866 2842; x_wconf 91' lang='lat' dir='ltr'>to</span> <span class='ocrx_word' id='word_1_341' title='bbox 905 2811 962 2842; x_wconf 88' lang='lat' dir='ltr'>the</span> <span class='ocrx_word' id='word_1_342' title='bbox 995 2822 1073 2843; x_wconf 82' lang='lat' dir='ltr'>case</span> <span class='ocrx_word' id='word_1_343' title='bbox 1107 2812 1147 2842; x_wconf 87' lang='lat' dir='ltr'>of</span> <span class='ocrx_word' id='word_1_344' title='bbox 1176 2812 1301 2853; x_wconf 76' lang='lat' dir='ltr'>setting</span> <span class='ocrx_word' id='word_1_345' title='bbox 1327 2818 1398 2842; x_wconf 72' lang='lat' dir='ltr'>two</span> <span class='ocrx_word' id='word_1_346' title='bbox 1430 2811 1542 2841; x_wconf 56' lang='lat' dir='ltr'>slaves</span> 
     </span>
     <span class='ocr_line' id='line_1_43' title="bbox 234 2857 1271 2900; baseline -0.001 -11"><span class='ocrx_word' id='word_1_347' title='bbox 234 2857 303 2889; x_wconf 68' lang='lat' dir='ltr'>free</span> <span class='ocrx_word' id='word_1_348' title='bbox 329 2858 439 2889; x_wconf 73' lang='lat' dir='ltr'>under</span> <span class='ocrx_word' id='word_1_349' title='bbox 459 2859 586 2889; x_wconf 74' lang='lat' dir='ltr'>certain</span> <span class='ocrx_word' id='word_1_350' title='bbox 613 2859 821 2889; x_wconf 56' lang='lat' dir='ltr'>condition&amp;</span> <span class='ocrx_word' id='word_1_351' title='bbox 849 2859 913 2889; x_wconf 77' lang='lat' dir='ltr'>Sec</span> <span class='ocrx_word' id='word_1_352' title='bbox 939 2857 1061 2897; x_wconf 83' lang='lat' dir='ltr'>above,</span> <span class='ocrx_word' id='word_1_353' title='bbox 1089 2868 1166 2899; x_wconf 82' lang='lat' dir='ltr'>pag.</span> <span class='ocrx_word' id='word_1_354' title='bbox 1196 2868 1271 2900; x_wconf 67' lang='lat'>209.</span> 
     </span>
    </p>
   </div>
   <div class='ocr_carea' id='block_1_5' title="bbox 1750 265 1828 302">
    <p class='ocr_par' dir='ltr' id='par_1_12' title="bbox 1750 265 1828 302">
     <span class='ocr_line' id='line_1_44' title="bbox 1750 266 1770 291; textangle 90"><span class='ocrx_word' id='word_1_355' title='bbox 1750 266 1770 291; x_wconf 68' lang='grc' dir='ltr'>Ν</span> 
     </span>
     <span class='ocr_line' id='line_1_45' title="bbox 1781 265 1799 289; textangle 90"><span class='ocrx_word' id='word_1_356' title='bbox 1781 265 1799 289; x_wconf 68' lang='grc' dir='ltr'><em>ω</em></span> 
     </span>
     <span class='ocr_line' id='line_1_46' title="bbox 1807 266 1828 302; textangle 90"><span class='ocrx_word' id='word_1_357' title='bbox 1807 266 1828 302; x_wconf 66' lang='lat' dir='ltr'>Q.»</span> 
     </span>
    </p>
   </div>
   <div class='ocr_carea' id='block_1_6' title="bbox 1556 721 1835 1104">
    <p class='ocr_par' dir='ltr' id='par_1_13' title="bbox 1556 721 1835 1104">
     <span class='ocr_line' id='line_1_47' title="bbox 1558 721 1831 761; baseline 0 -12"><span class='ocrx_word' id='word_1_358' title='bbox 1558 721 1661 761; x_wconf 36' lang='lat'><strong>01⁴¹(3)</strong></span> <span class='ocrx_word' id='word_1_359' title='bbox 1683 723 1745 749; x_wconf 72' lang='lat' dir='ltr'>that</span> <span class='ocrx_word' id='word_1_360' title='bbox 1767 727 1794 749; x_wconf 83' lang='lat' dir='ltr'>at</span> <span class='ocrx_word' id='word_1_361' title='bbox 1815 731 1831 749; x_wconf 81' lang='lat' dir='ltr'>a</span> 
     </span>
     <span class='ocr_line' id='line_1_48' title="bbox 1579 758 1805 792; baseline 0.004 -9"><span class='ocrx_word' id='word_1_362' title='bbox 1579 766 1666 792; x_wconf 71' lang='lat' dir='ltr'>given</span> <span class='ocrx_word' id='word_1_363' title='bbox 1689 758 1805 784; x_wconf 79' lang='lat' dir='ltr'>instant</span> 
     </span>
     <span class='ocr_line' id='line_1_49' title="bbox 1600 793 1791 827; baseline 0.01 -10"><span class='ocrx_word' id='word_1_364' title='bbox 1600 800 1644 818; x_wconf 79' lang='lat' dir='ltr'>we</span> <span class='ocrx_word' id='word_1_365' title='bbox 1666 801 1734 827; x_wconf 78' lang='lat' dir='ltr'>may</span> <span class='ocrx_word' id='word_1_366' title='bbox 1757 793 1791 819; x_wconf 83' lang='lat' dir='ltr'>bc</span> 
     </span>
     <span class='ocr_line' id='line_1_50' title="bbox 1566 827 1822 861; baseline 0 -8"><span class='ocrx_word' id='word_1_367' title='bbox 1566 835 1653 861; x_wconf 87' lang='lat' dir='ltr'>sorry</span> <span class='ocrx_word' id='word_1_368' title='bbox 1674 827 1721 854; x_wconf 83' lang='lat' dir='ltr'>for</span> <span class='ocrx_word' id='word_1_369' title='bbox 1741 835 1756 853; x_wconf 80' lang='lat' dir='ltr'>a</span> <span class='ocrx_word' id='word_1_370' title='bbox 1777 827 1822 853; x_wconf 75' lang='lat' dir='ltr'>sin</span> 
     </span>
     <span class='ocr_line' id='line_1_51' title="bbox 1579 862 1806 889; baseline 0.004 -1"><span class='ocrx_word' id='word_1_371' title='bbox 1579 863 1643 888; x_wconf 82' lang='lat' dir='ltr'>that</span> <span class='ocrx_word' id='word_1_372' title='bbox 1665 871 1709 888; x_wconf 83' lang='lat' dir='ltr'>we</span> <span class='ocrx_word' id='word_1_373' title='bbox 1731 862 1806 889; x_wconf 75' lang='lat' dir='ltr'>shall</span> 
     </span>
     <span class='ocr_line' id='line_1_52' title="bbox 1567 897 1816 923; baseline 0 0"><span class='ocrx_word' id='word_1_374' title='bbox 1567 897 1696 923; x_wconf 84' lang='lat' dir='ltr'>commit</span> <span class='ocrx_word' id='word_1_375' title='bbox 1715 897 1745 923; x_wconf 90' lang='lat' dir='ltr'>in</span> <span class='ocrx_word' id='word_1_376' title='bbox 1767 897 1816 923; x_wconf 78' lang='lat' dir='ltr'>the</span> 
     </span>
     <span class='ocr_line' id='line_1_53' title="bbox 1634 932 1751 964; baseline 0 -7"><span class='ocrx_word' id='word_1_377' title='bbox 1634 932 1751 964; x_wconf 61' lang='lat' dir='ltr'>future,</span> 
     </span>
     <span class='ocr_line' id='line_1_54' title="bbox 1585 966 1800 1000; baseline -0.005 -7"><span class='ocrx_word' id='word_1_378' title='bbox 1585 966 1750 1000; x_wconf 72' lang='lat' dir='ltr'>according</span> <span class='ocrx_word' id='word_1_379' title='bbox 1770 970 1800 992; x_wconf 80' lang='lat' dir='ltr'>to</span> 
     </span>
     <span class='ocr_line' id='line_1_55' title="bbox 1586 1001 1795 1027; baseline 0 0"><span class='ocrx_word' id='word_1_380' title='bbox 1586 1001 1634 1027; x_wconf 82' lang='lat' dir='ltr'>the</span> <span class='ocrx_word' id='word_1_381' title='bbox 1655 1001 1795 1027; x_wconf 83' lang='lat' dir='ltr'>doctrine</span> 
     </span>
     <span class='ocr_line' id='line_1_56' title="bbox 1556 1035 1835 1069; baseline 0 -8"><span class='ocrx_word' id='word_1_382' title='bbox 1556 1035 1590 1062; x_wconf 81' lang='lat' dir='ltr'>of</span> <span class='ocrx_word' id='word_1_383' title='bbox 1607 1035 1785 1069; x_wconf 82' lang='lat' dir='ltr'>ampliation</span> <span class='ocrx_word' id='word_1_384' title='bbox 1802 1036 1835 1062; x_wconf 78' lang='lat'>01·</span> 
     </span>
     <span class='ocr_line' id='line_1_57' title="bbox 1590 1070 1790 1104; baseline 0 -8"><span class='ocrx_word' id='word_1_385' title='bbox 1590 1070 1638 1096; x_wconf 81' lang='lat' dir='ltr'>tlie</span> <span class='ocrx_word' id='word_1_386' title='bbox 1660 1074 1790 1104; x_wconf 77' lang='lat' dir='ltr'>present.</span> 
     </span>
    </p>
   </div>
   <div class='ocr_carea' id='block_1_7' title="bbox 1564 1128 1827 1500">
    <p class='ocr_par' dir='ltr' id='par_1_14' title="bbox 1575 1128 1816 1224">
     <span class='ocr_line' id='line_1_58' title="bbox 1635 1128 1756 1155; baseline 0 -1"><span class='ocrx_word' id='word_1_387' title='bbox 1635 1128 1662 1155; x_wconf 80' lang='lat' dir='ltr'>It&#39;</span> <span class='ocrx_word' id='word_1_388' title='bbox 1679 1129 1700 1154; x_wconf 82' lang='lat' dir='ltr'>it</span> <span class='ocrx_word' id='word_1_389' title='bbox 1722 1129 1756 1154; x_wconf 81' lang='lat' dir='ltr'>be</span> 
     </span>
     <span class='ocr_line' id='line_1_59' title="bbox 1575 1163 1816 1197; baseline 0.008 -9"><span class='ocrx_word' id='word_1_390' title='bbox 1575 1163 1730 1197; x_wconf 79' lang='lat' dir='ltr'>supposed</span> <span class='ocrx_word' id='word_1_391' title='bbox 1753 1163 1816 1190; x_wconf 75' lang='lat' dir='ltr'>that</span> 
     </span>
     <span class='ocr_line' id='line_1_60' title="bbox 1587 1198 1799 1224; baseline 0.005 -1"><span class='ocrx_word' id='word_1_392' title='bbox 1587 1205 1625 1223; x_wconf 91' lang='lat' dir='ltr'>no</span> <span class='ocrx_word' id='word_1_393' title='bbox 1646 1198 1733 1224; x_wconf 83' lang='lat' dir='ltr'>other</span> <span class='ocrx_word' id='word_1_394' title='bbox 1754 1198 1799 1224; x_wconf 81' lang='lat' dir='ltr'>sin</span> 
     </span>
    </p>

    <p class='ocr_par' dir='ltr' id='par_1_15' title="bbox 1636 1232 1755 1258">
     <span class='ocr_line' id='line_1_61' title="bbox 1636 1232 1755 1258; baseline 0.008 -1"><span class='ocrx_word' id='word_1_395' title='bbox 1636 1232 1696 1258; x_wconf 84' lang='lat' dir='ltr'>will</span> <span class='ocrx_word' id='word_1_396' title='bbox 1721 1232 1755 1258; x_wconf 83' lang='lat' dir='ltr'>bc</span> 
     </span>
    </p>

    <p class='ocr_par' dir='ltr' id='par_1_16' title="bbox 1564 1266 1827 1500">
     <span class='ocr_line' id='line_1_62' title="bbox 1564 1266 1827 1300; baseline 0 -8"><span class='ocrx_word' id='word_1_397' title='bbox 1564 1266 1753 1300; x_wconf 76' lang='lat' dir='ltr'>committed,</span> <span class='ocrx_word' id='word_1_398' title='bbox 1776 1266 1827 1293; x_wconf 84' lang='lat' dir='ltr'>but</span> 
     </span>
     <span class='ocr_line' id='line_1_63' title="bbox 1581 1301 1807 1334; baseline 0 -7"><span class='ocrx_word' id='word_1_399' title='bbox 1581 1301 1646 1327; x_wconf 80' lang='lat' dir='ltr'>that</span> <span class='ocrx_word' id='word_1_400' title='bbox 1667 1301 1701 1327; x_wconf 83' lang='lat' dir='ltr'>of</span> <span class='ocrx_word' id='word_1_401' title='bbox 1719 1301 1807 1334; x_wconf 66' lang='lat' dir='ltr'>being</span> 
     </span>
     <span class='ocr_line' id='line_1_64' title="bbox 1584 1335 1809 1370; baseline 0.004 -9"><span class='ocrx_word' id='word_1_402' title='bbox 1584 1343 1671 1370; x_wconf 90' lang='lat' dir='ltr'>sorry</span> <span class='ocrx_word' id='word_1_403' title='bbox 1692 1335 1740 1362; x_wconf 80' lang='lat' dir='ltr'>for</span> <span class='ocrx_word' id='word_1_404' title='bbox 1759 1335 1809 1362; x_wconf 81' lang='lat' dir='ltr'>the</span> 
     </span>
     <span class='ocr_line' id='line_1_65' title="bbox 1577 1370 1827 1403; baseline 0 -7"><span class='ocrx_word' id='word_1_405' title='bbox 1577 1370 1641 1396; x_wconf 88' lang='lat' dir='ltr'>sins</span> <span class='ocrx_word' id='word_1_406' title='bbox 1662 1370 1695 1397; x_wconf 83' lang='lat' dir='ltr'>of</span> <span class='ocrx_word' id='word_1_407' title='bbox 1712 1370 1827 1403; x_wconf 84' lang='lat' dir='ltr'>others,</span> 
     </span>
     <span class='ocr_line' id='line_1_66' title="bbox 1606 1404 1790 1430; baseline 0 0"><span class='ocrx_word' id='word_1_408' title='bbox 1606 1404 1655 1430; x_wconf 83' lang='lat' dir='ltr'>the</span> <span class='ocrx_word' id='word_1_409' title='bbox 1676 1412 1744 1430; x_wconf 83' lang='lat' dir='ltr'>case</span> <span class='ocrx_word' id='word_1_410' title='bbox 1764 1404 1790 1430; x_wconf 87' lang='lat' dir='ltr'>is</span> 
     </span>
     <span class='ocr_line' id='line_1_67' title="bbox 1622 1439 1766 1473; baseline -0.007 -8"><span class='ocrx_word' id='word_1_411' title='bbox 1622 1439 1766 1473; x_wconf 83' lang='lat' dir='ltr'>palpably</span> 
     </span>
     <span class='ocr_line' id='line_1_68' title="bbox 1634 1473 1758 1500; baseline -0.008 0"><span class='ocrx_word' id='word_1_412' title='bbox 1634 1473 1758 1500; x_wconf 79' lang='lat' dir='ltr'>absurd.</span> 
     </span>
    </p>
   </div>
   <div class='ocr_carea' id='block_1_8' title="bbox 1555 1703 1830 1911">
    <p class='ocr_par' dir='ltr' id='par_1_17' title="bbox 1555 1703 1830 1911">
     <span class='ocr_line' id='line_1_69' title="bbox 1561 1703 1825 1731; baseline -0.004 0"><span class='ocrx_word' id='word_1_413' title='bbox 1561 1705 1588 1731; x_wconf 81' lang='lat' dir='ltr'>It·</span> <span class='ocrx_word' id='word_1_414' title='bbox 1607 1703 1675 1731; x_wconf 77' lang='lat' dir='ltr'>God</span> <span class='ocrx_word' id='word_1_415' title='bbox 1696 1704 1825 1731; x_wconf 79' lang='lat' dir='ltr'>forbade</span> 
     </span>
     <span class='ocr_line' id='line_1_70' title="bbox 1600 1739 1785 1766; baseline -0.016 0"><span class='ocrx_word' id='word_1_416' title='bbox 1600 1747 1647 1766; x_wconf 90' lang='lat' dir='ltr'>me</span> <span class='ocrx_word' id='word_1_417' title='bbox 1667 1744 1697 1765; x_wconf 89' lang='lat' dir='ltr'>to</span> <span class='ocrx_word' id='word_1_418' title='bbox 1718 1739 1785 1765; x_wconf 80' lang='lat' dir='ltr'>love</span> 
     </span>
     <span class='ocr_line' id='line_1_71' title="bbox 1567 1773 1808 1812; baseline -0.004 -12"><span class='ocrx_word' id='word_1_419' title='bbox 1567 1773 1645 1812; x_wconf 42' lang='lat' dir='ltr'>Him·</span> <span class='ocrx_word' id='word_1_420' title='bbox 1661 1773 1773 1812; x_wconf 79' lang='lat' dir='ltr'>during</span> <span class='ocrx_word' id='word_1_421' title='bbox 1793 1782 1808 1799; x_wconf 73' lang='lat' dir='ltr'>a</span> 
     </span>
     <span class='ocr_line' id='line_1_72' title="bbox 1555 1812 1830 1840; baseline -0.007 -5"><span class='ocrx_word' id='word_1_422' title='bbox 1555 1812 1669 1835; x_wconf 77' lang='lat' dir='ltr'>certain</span> <span class='ocrx_word' id='word_1_423' title='bbox 1690 1813 1772 1840; x_wconf 84' lang='lat' dir='ltr'>time,</span> <span class='ocrx_word' id='word_1_424' title='bbox 1794 1815 1830 1833; x_wconf 91' lang='lat' dir='ltr'>or</span> 
     </span>
     <span class='ocr_line' id='line_1_73' title="bbox 1596 1842 1788 1869; baseline 0 0"><span class='ocrx_word' id='word_1_425' title='bbox 1596 1847 1625 1869; x_wconf 91' lang='lat' dir='ltr'>to</span> <span class='ocrx_word' id='word_1_426' title='bbox 1647 1843 1735 1869; x_wconf 80' lang='lat' dir='ltr'>think</span> <span class='ocrx_word' id='word_1_427' title='bbox 1755 1842 1788 1869; x_wconf 78' lang='lat' dir='ltr'>of</span> 
     </span>
     <span class='ocr_line' id='line_1_74' title="bbox 1652 1877 1733 1911; baseline 0 -7"><span class='ocrx_word' id='word_1_428' title='bbox 1652 1877 1733 1911; x_wconf 75' lang='lat' dir='ltr'>Him,</span> 
     </span>
    </p>
   </div>
   <div class='ocr_carea' id='block_1_9' title="bbox 1568 1980 1814 2082">
    <p class='ocr_par' dir='ltr' id='par_1_18' title="bbox 1568 1980 1814 2082">
     <span class='ocr_line' id='line_1_75' title="bbox 1568 1980 1814 2007; baseline -0.008 0"><span class='ocrx_word' id='word_1_429' title='bbox 1568 1981 1628 2007; x_wconf 87' lang='lat' dir='ltr'>this</span> <span class='ocrx_word' id='word_1_430' title='bbox 1649 1980 1739 2006; x_wconf 89' lang='lat' dir='ltr'>could</span> <span class='ocrx_word' id='word_1_431' title='bbox 1761 1984 1814 2006; x_wconf 87' lang='lat' dir='ltr'>not</span> 
     </span>
     <span class='ocr_line' id='line_1_76' title="bbox 1592 2014 1795 2048; baseline -0.005 -7"><span class='ocrx_word' id='word_1_432' title='bbox 1592 2016 1627 2041; x_wconf 82' lang='lat' dir='ltr'>be</span> <span class='ocrx_word' id='word_1_433' title='bbox 1649 2014 1795 2048; x_wconf 78' lang='lat' dir='ltr'>breaking</span> 
     </span>
     <span class='ocr_line' id='line_1_77' title="bbox 1622 2049 1772 2082; baseline -0.02 -6"><span class='ocrx_word' id='word_1_434' title='bbox 1622 2049 1677 2076; x_wconf 85' lang='lat' dir='ltr'>l-lis</span> <span class='ocrx_word' id='word_1_435' title='bbox 1698 2049 1772 2082; x_wconf 76' lang='lat' dir='ltr'>law3</span> 
     </span>
    </p>
   </div>
   <div class='ocr_carea' id='block_1_10' title="bbox 1566 2106 1818 2174">
    <p class='ocr_par' dir='ltr' id='par_1_19' title="bbox 1566 2106 1818 2174">
     <span class='ocr_line' id='line_1_78' title="bbox 1566 2106 1818 2139; baseline -0.008 -5"><span class='ocrx_word' id='word_1_436' title='bbox 1566 2112 1595 2134; x_wconf 87' lang='lat' dir='ltr'>to</span> <span class='ocrx_word' id='word_1_437' title='bbox 1618 2107 1663 2134; x_wconf 90' lang='lat' dir='ltr'>sin</span> <span class='ocrx_word' id='word_1_438' title='bbox 1685 2106 1818 2139; x_wconf 64' lang='lat' dir='ltr'>through</span> 
     </span>
     <span class='ocr_line' id='line_1_79' title="bbox 1585 2141 1805 2174; baseline -0.009 -5"><span class='ocrx_word' id='word_1_439' title='bbox 1585 2143 1652 2169; x_wconf 85' lang='lat' dir='ltr'>love</span> <span class='ocrx_word' id='word_1_440' title='bbox 1673 2141 1707 2167; x_wconf 85' lang='lat' dir='ltr'>of</span> <span class='ocrx_word' id='word_1_441' title='bbox 1726 2141 1805 2174; x_wconf 86' lang='lat' dir='ltr'>God,</span> 
     </span>
    </p>
   </div>
   <div class='ocr_carea' id='block_1_11' title="bbox 1558 2221 1830 2387">
    <p class='ocr_par' dir='ltr' id='par_1_20' title="bbox 1558 2221 1830 2387">
     <span class='ocr_line' id='line_1_80' title="bbox 1566 2221 1824 2256; baseline -0.008 -8"><span class='ocrx_word' id='word_1_442' title='bbox 1566 2230 1600 2248; x_wconf 91' lang='lat' dir='ltr'>or</span> <span class='ocrx_word' id='word_1_443' title='bbox 1620 2221 1754 2256; x_wconf 78' lang='lat' dir='ltr'>through</span> <span class='ocrx_word' id='word_1_444' title='bbox 1774 2225 1824 2247; x_wconf 87' lang='lat' dir='ltr'>too</span> 
     </span>
     <span class='ocr_line' id='line_1_81' title="bbox 1575 2255 1810 2283; baseline -0.004 0"><span class='ocrx_word' id='word_1_445' title='bbox 1575 2257 1666 2283; x_wconf 84' lang='lat' dir='ltr'>much</span> <span class='ocrx_word' id='word_1_446' title='bbox 1688 2256 1755 2282; x_wconf 80' lang='lat' dir='ltr'>love</span> <span class='ocrx_word' id='word_1_447' title='bbox 1775 2255 1810 2282; x_wconf 88' lang='lat' dir='ltr'>of</span> 
     </span>
     <span class='ocr_line' id='line_1_82' title="bbox 1611 2291 1779 2322; baseline -0.006 -5"><span class='ocrx_word' id='word_1_448' title='bbox 1611 2291 1693 2322; x_wconf 80' lang='lat' dir='ltr'>Hirri,</span> <span class='ocrx_word' id='word_1_449' title='bbox 1715 2291 1740 2317; x_wconf 82' lang='lat' dir='ltr'>is</span> <span class='ocrx_word' id='word_1_450' title='bbox 1764 2297 1779 2316; x_wconf 87' lang='lat' dir='ltr'>a</span> 
     </span>
     <span class='ocr_line' id='line_1_83' title="bbox 1558 2324 1830 2352; baseline -0.007 0"><span class='ocrx_word' id='word_1_451' title='bbox 1558 2325 1779 2352; x_wconf 82' lang='lat' dir='ltr'>contradiction</span> <span class='ocrx_word' id='word_1_452' title='bbox 1801 2324 1830 2350; x_wconf 88' lang='lat' dir='ltr'>in</span> 
     </span>
     <span class='ocr_line' id='line_1_84' title="bbox 1640 2365 1745 2387; baseline -0.01 0"><span class='ocrx_word' id='word_1_453' title='bbox 1640 2365 1745 2387; x_wconf 82' lang='lat' dir='ltr'>terms.</span> 
     </span>
    </p>
   </div>
  </div>
 </body>
</html>
