2083 3287
289 207 340 251 84
1017 212 1243 243 JOHANle
1269 212 1454 243 WYCLIF
1728 211 1818 237 CAP.
1839 211 1891 239 1v.

306 337 341 356 or
362 336 406 354 wc
427 326 537 354 should
580 320 705 355 Aliter
747 319 851 355 enim
900 332 980 355 non
1026 328 1126 355 esset
1170 320 1265 356 dare
1319 332 1438 367 quam
1484 320 1749 367 productivus
1795 329 1895 357 esset

322 363 534 424 {Cissafflffitvfflff'
581 381 677 414 deus
719 377 943 423 hominum,
993 390 1083 413 cum
1127 390 1208 413 non
1252 377 1301 413 sit
1345 377 1498 425 precise
1542 386 1623 413 tam
1670 372 1895 414 causativus

289 432 358 494 {ff}
380 435 566 501 ngsssbcitflff
582 435 789 472 hominum
842 435 944 471 sicut
989 444 1046 471 est
1086 435 1384 472 conservativus
1430 435 1653 481 hominum,
1702 447 1775 472 nec
1813 444 1895 473 tam

360 475 394 529 οἳ·
412 509 494 529 man.
581 492 876 530 conservativus
909 492 1208 529 individuorum
1255 493 1423 529 alicuius
1466 492 1612 541 speciei
1645 506 1766 541 quam
1798 493 1896 530 voli-

581 551 683 588 tivus
736 559 792 587 est
846 563 1080 587 conservare
1134 552 1293 597 eadem3
1358 552 1465 599 quod
1529 560 1725 599 repugnat
1786 551 1929 588 omni5

580 608 767 658 potencie
813 608 968 655 divine;
1033 618 1068 645 et
1113 621 1184 656 per
1230 609 1336 645 idem
1375 621 1455 645 non
1499 618 1758 657 cognosceret
1801 611 1898 646 deus

342 675 413 715 And
436 674 505 702 God
581 669 749 715 gradum
797 666 1220 703 communicabilitatis
1268 666 1373 703 illius
1418 666 1580 702 termini
1628 667 1753 713 homo,
1807 680 1896 704 cum

318 710 466 779 {¹33}ssssssss
484 713 536 771 21?ss
580 738 661 762 non
706 733 964 772 cognosceret
1011 733 1108 772 quot
1165 726 1215 761 ad
1273 724 1488 761 maximum
1542 724 1753 772 significat.
1818 727 1899 761 Nec

339 780 520 850 ppghmugffile
582 783 787 831 cognoscit
820 782 860 818 in
893 796 972 832 qua
1004 782 1273 830 proporcione
1306 782 1355 818 sit
1388 782 1461 819 iste
1494 782 1701 827 terminus,
1741 783 1898 830 animal,

290 849 393 877 would
410 849 566 875 notknow
583 854 628 878 eo
661 841 748 889 ipso
782 840 1059 877 communior:
1103 849 1139 876 et
1172 840 1368 886 similiter,
1406 853 1496 876 cum
1531 853 1651 876 omne
1684 842 1792 888 quod
1827 840 1899 877 iste
1920 854 1957 874 10

306 882 559 953 ffgnssse‘ssffigtff
582 899 775 936 terminus
823 899 935 935 homo
987 898 1185 946 significat
1229 907 1359 950 potest
1402 911 1498 944 esse,
1562 898 1742 946 sequitur
1793 900 1900 947 quod

344 954 513 1016 ἰηξῖἰζξὲζᾶ]
583 957 719 994 omnia
752 968 829 1005 que
862 957 934 993 iste
967 956 1177 1006 terminus7
1212 957 1337 1003 homo,
1372 956 1571 1004 significat
1605 966 1771 1004 possunt
1805 969 1900 995 esse.

293 1023 432 1059 significd
455 1023 494 1057 by
518 1022 568 1048 the
585 1018 632 1051 Et
665 1023 816 1052 certum
854 1023 910 1051 est
943 1016 1052 1063 quod
1084 1027 1166 1050 non
1196 1015 1310 1062 plura
1344 1026 1417 1050 nec
1450 1015 1590 1060 altera,
1631 1014 1707 1063 nisi
1739 1014 1809 1051 illa
1840 1015 1900 1051 vel

297 1062 501 1130 ptggffbffiugts
515 1057 570 1118 {fic
585 1073 720 1121 aliqua
772 1073 934 1109 illorum
987 1072 1302 1120 significatorum
1356 1080 1524 1120 possunt
1578 1084 1660 1108 esse
1704 1072 1899 1109 homines.

303 1126 562 1199 Sitgssgispvffiffifftdit
586 1134 691 1179 Ergo
746 1140 802 1167 est
861 1132 955 1167 dare
985 1127 988 1182 Ι
1020 1130 1237 1166 maximum
1290 1143 1504 1166 numerum
1558 1130 1767 1167 hominum
1833 1130 1902 1179 qui
1938 1133 2041 1166 358⁰

356 1198 430 1225 does
451 1200 513 1235 not.
587 1198 755 1237 possunt
782 1201 879 1234 θεεθ,
914 1189 1015 1225 sicut
1040 1197 1096 1225 est
1126 1190 1220 1225 dare
1250 1189 1415 1225 totalem
1447 1187 1745 1225 multitudinem
1779 1201 1899 1237 quam

339 1232 539 1300 tffelssffissesja
589 1247 661 1283 iste
693 1247 902 1291 terminus,
936 1247 1065 1293 homo,
1099 1246 1310 1294 significat.

317 1299 554 1370 ggssiffilsffibffef·
646 1306 790 1341 Ymmo
843 1318 932 1341 cum
973 1316 1113 1340 omnes
1153 1304 1337 1340 homines
1377 1304 1444 1352 qui
1483 1304 1702 1340 successive
1736 1313 1904 1352 possunt

303 1371 375 1399 And
398 1370 423 1409 if
440 1370 475 1397 of
492 1377 561 1396 men
588 1375 670 1399 esse
715 1372 883 1411 possunt
927 1362 1046 1399 simul
1091 1375 1113 1399 a
1153 1363 1226 1398 deo
1273 1362 1513 1409 conservari,
1562 1362 1663 1399 sicut
1708 1371 1765 1399 est
1809 1363 1903 1399 dare

335 1405 483 1467 posgrfflle,
506 1404 540 1431 of
587 1430 684 1469 quot
717 1421 899 1457 homines
931 1429 1098 1468 possunt
1128 1420 1246 1456 simul
1285 1432 1368 1456 esse
1402 1422 1451 1456 ad
1485 1419 1718 1467 maximum,
1758 1420 1814 1456 sic
1847 1428 1904 1456 est
1921 1432 1962 1453 20

303 1474 558 1545 Simggglssffiffiffly
586 1481 680 1515 dare
713 1488 810 1527 quot
843 1479 1025 1515 homines
1060 1487 1228 1526 possunt
1257 1490 1343 1514 esse
1376 1479 1425 1514 ad
1457 1478 1689 1516 maximum.
1724 1478 1765 1515 Si
1798 1478 1902 1514 enim

347 1545 375 1584 Ii·
392 1543 528 1582 non-the
587 1550 668 1573 non
702 1545 758 1573 θεῖ
792 1538 887 1573 dare
920 1536 1140 1573 maximum
1173 1549 1388 1572 numerum
1428 1536 1637 1573 hominum
1671 1536 1903 1585 possibilem

306 1579 564 1642 ῃῃζὲξξῗᾞῖἓωά
588 1595 719 1641 simul,
754 1604 848 1631 tunc
892 1594 1095 1631 infinitum
1129 1607 1297 1642 magnus
1337 1603 1471 1642 posset
1512 1606 1596 1631 esse
1636 1595 1821 1641 mundus,
1868 1602 1904 1630 et

309 1646 564 1718 ifflffssymffg‘ss'tossg
589 1666 660 1702 per
693 1666 941 1702 consequens
981 1662 1081 1689 esset
1113 1665 1285 1689 vacuum
1326 1652 1526 1688 infinitum
1568 1661 1676 1689 extra
1709 1653 1903 1688 mundum

304 1718 567 1780 ignnfidnittedgoegfrglaen
591 1712 679 1761 plus
727 1724 850 1759 capax
906 1711 1085 1759 corporis
1131 1724 1251 1759 quam
1306 1710 1458 1759 aliquid
1506 1719 1608 1747 esset
1658 1710 1905 1747 causativum
1922 1712 1961 1744 25

374 1774 380 1786 5
557 1771 565 1786 5

309 1788 475 1815 aninfinite
495 1786 554 1813 and
592 1769 797 1817 corporis;
851 1771 958 1817 quod
1011 1768 1161 1806 claudit
1222 1768 1606 1815 conti-adiecionem,
1669 1781 1759 1804 cum
1811 1777 1907 1804 tunc

299 1823 565 1890 usgffisrsoffiffilssg'
592 1827 759 1876 quilibet
791 1840 883 1875 pars
916 1827 1021 1863 illius
1054 1827 1170 1863 vacui
1203 1827 1479 1874 superflueret,
1505 1835 1542 1862 et
1565 1839 1636 1874 per
1658 1838 1906 1874 consequens

351 1900 409 1920 our
430 1891 540 1918 world·
593 1894 693 1922 esset
727 1894 934 1922 causatum
967 1898 990 1921 a
1023 1886 1097 1921 deo
1139 1893 1175 1920 et
1214 1897 1293 1920 non
1327 1893 1536 1920 causatum
1572 1897 1593 1920 a
1627 1885 1716 1921 deo.
1777 1886 1827 1920 Et
1858 1883 1908 1920 si-

592 1943 753 1988 militer,
809 1942 1084 1980 consimilibus
1133 1942 1287 1985 mediis,
1340 1942 1535 1990 contingit
1588 1954 1754 1990 arguere
1800 1942 1908 1990 quod

593 2001 774 2038 omnium
832 2001 1055 2050 specierum
1108 2002 1168 2037 vel
1213 2013 1405 2049 generum
1461 2009 1517 2036 est
1562 2002 1657 2036 dare
1690 1999 1906 2036 maximam
1925 2003 1966 2035 30

594 2059 893 2096 multitudinem
928 2059 1227 2095 individuorum
1261 2058 1507 2107 possibilem.

359 2110 436 2139 This
457 2111 483 2138 is
503 2118 519 2137 a

314 2147 453 2182 problem
475 2144 572 2172 offar
733 2119 876 2162 Quoad
929 2117 1046 2153 istam
1101 2116 1395 2162 difficultatem,
1465 2125 1575 2164 patet
1634 2117 1741 2164 quod
1792 2116 1909 2163 longe

336 2180 536 2243 mffigndteffgh
593 2176 701 2213 aliud
735 2188 856 2223 quam
890 2175 1005 2211 istam
1039 2174 1298 2223 sophisticam
1340 2173 1507 2222 requirit
1540 2173 1764 2210 declaracio
1805 2173 1909 2209 illius

355 2250 519 2285 preceding
595 2233 774 2270 materie.
838 2234 953 2270 Unde
1013 2233 1119 2269 varie
1173 2232 1466 2280 responsiones,
1529 2233 1749 2268 secundum
1803 2232 1910 2280 quod

310 2284 569 2347 δθξξξξὲξέἐξίὃ
594 2291 863 2328 diversimode
907 2291 962 2327 sic
1001 2290 1218 2338 opinantur
1258 2290 1468 2326 materiam
1508 2302 1548 2326 se
1587 2291 1745 2326 habere.
1803 2289 1910 2325 Peri·
1926 2291 1966 2324 35

303 2354 564 2424 Peripafftficians
595 2349 758 2398 patetici
804 2358 938 2385 autem
991 2357 1145 2396 ponunt
1191 2348 1497 2395 generacionem
1544 2360 1678 2384 rerum
1730 2355 1909 2383 eternam

338 2424 481 2459 granting
501 2431 538 2449 an
596 2420 679 2444 esse
712 2420 733 2443 a
766 2416 880 2454 parte
912 2406 1120 2455 utriusque
1154 2406 1345 2452 extremi3
1410 2415 1446 2442 et
1479 2405 1535 2442 illi
1574 2413 1771 2453 ponerent
1803 2405 1908 2453 quod

308 2458 844 2520 'jsslffiietfffflffgffffitimpossibile
884 2473 941 2500 est
980 2477 1118 2500 omnes
1159 2464 1340 2500 homines
1380 2464 1448 2512 qui
1487 2472 1654 2512 possunt
1688 2475 1782 2510 esse,
1828 2463 1911 2499 fore

331 2527 556 2589 itrilmaenaigclnziff
597 2536 670 2571 pro
716 2523 852 2570 aliquo
897 2522 1073 2558 instanti.
1115 2524 1416 2567 Verumtamen,
1457 2521 1692 2570 ampliando
1730 2522 1910 2565 verbum,

320 2597 431 2624 eterna!
454 2596 571 2623 world:
598 2583 698 2617 bene
738 2589 905 2628 possunt
946 2593 1029 2617 esse
1068 2580 1107 2616 in
1146 2589 1330 2628 tempore
1375 2588 1526 2616 eterno.
1591 2578 1779 2615 Cristiani
1819 2591 1912 2615 vero
1926 2591 1971 2622 40

328 2633 381 2659 but
401 2635 455 2658 not
476 2635 503 2657 at
523 2630 573 2657 the

328 2674 412 2693 same
432 2666 558 2692 instant.

319 2701 366 2737 By
386 2700 571 2734 Christians,

350 2735 484 2771 denying
502 2734 551 2761 the

671 2785 839 2822 Lyductno
861 2784 893 2810 Β.
1006 2792 1030 2810 2.
1053 2775 1132 2817 callo
1155 2783 1186 2810 Β.
1272 2784 1298 2810 8.
1322 2784 1441 2818 qualiar
1456 2791 1518 2818 pro
1539 2783 1633 2818 quot?
1656 2783 1689 2809 Β.
1772 2790 1805 2809 ιι.
1828 2772 1867 2816 pf
1880 2781 1911 2808 Β.

601 2841 643 2869 33,
664 2842 720 2868 itam
742 2846 820 2875 sopstv
842 2842 874 2867 B.
