2083 3287
492 802 837 851 CAPITULUM
873 801 1194 850 SEPTIMUM.

247 909 504 956 Consequens
537 917 594 944 est
626 909 676 944 ad
716 907 821 944 dicta
859 908 1128 955 superaddere
1167 906 1208 942 in
1242 904 1420 953 capitulo
1452 906 1499 940 de
1515 911 1789 953 Ofcompapative

188 966 470 1015 comparativis
503 965 751 1002 sentenciam
787 967 834 1002 de
869 965 1042 1002 maximo
1082 973 1119 1001 et
1153 963 1335 1000 minimo.
1388 964 1498 998 Voco
1544 950 1759 1019 ἓζὲἓὲξῗξῑῑζξὲ

187 1033 320 1060 autem
353 1024 675 1073 proposicionem
701 1023 1011 1071 comparacione
1042 1021 1299 1071 yppothetica
1333 1029 1369 1057 et
1401 1028 1498 1056 nota
1513 1019 1628 1081 anddof
1645 1019 1788 1058 quima,

154 1081 449 1130 Scomparandi
482 1081 798 1127 denominatam,
844 1090 888 1117 ut
921 1082 1005 1127 hec,
1059 1081 1136 1118 Sor
1167 1087 1222 1116 est
1262 1080 1313 1115 ita
1345 1079 1498 1128 sapiens
1540 1062 1575 1081 an
1621 1062 1760 1081 mumma.

188 1141 248 1176 vel
279 1141 407 1190 magis
427 1140 580 1189 sapiens
603 1152 715 1188 quam
744 1146 799 1175 est
821 1140 956 1184 Plat0,·
987 1147 1024 1175 et
1056 1138 1111 1175 sic
1145 1140 1192 1174 de
1225 1136 1497 1184 comparativa

188 1210 292 1234 vera.
326 1200 426 1235 Nam
461 1197 536 1234 ista
569 1197 719 1245 species
751 1197 1006 1245 yppothetice
1041 1197 1211 1232 multum
1247 1194 1414 1239 accedit,
1455 1202 1499 1229 ut

188 1255 340 1292 dictum
374 1264 443 1302 est,
477 1257 526 1292 ad
561 1255 818 1292 condiciones
851 1254 1222 1303 kathegoricarum3
1268 1266 1357 1289 curn
1392 1252 1497 1288 idem

188 1313 238 1349 sit
261 1314 405 1360 dicere,
440 1314 516 1350 Sor
547 1321 601 1350 est
632 1313 769 1349 melior
790 1313 951 1349 Platone
973 1322 1010 1349 et
1034 1314 1110 1349 Sor
1138 1319 1194 1348 est
1214 1311 1354 1347 melior
1385 1323 1497 1358 quam
1559 1321 1646 1355 They
1665 1328 1738 1355 very

136 1387 174 1408 10
189 1378 244 1407 est
267 1372 391 1417 Plato,
425 1384 498 1407 nec
531 1371 704 1419 perfecte
736 1370 970 1418 intelligitur
993 1371 1117 1407 altera
1149 1382 1241 1417 pars
1274 1368 1357 1404 sine
1390 1368 1497 1404 coin·
1520 1354 1782 1425 mgfftlggffiffifflsslc

189 1429 424 1465 telleccione
458 1428 621 1465 alterius
654 1429 792 1476 partis.
828 1430 920 1464 Ideo
944 1437 1112 1476 possunt
1146 1427 1223 1463 dici
1245 1435 1325 1463 tarn
1351 1434 1499 1474 quante

190 1499 307 1534 quam
335 1488 483 1535 quales,
518 1495 561 1523 ut
584 1486 852 1534 kathegorice.
886 1488 943 1522 De
968 1485 1220 1534 exposicione
1242 1496 1335 1521 vero
1357 1483 1496 1520 talium

189 1544 353 1581 racione
386 1544 546 1581 termini
591 1543 853 1592 comparativi
887 1546 1047 1591 gradus,
1096 1543 1247 1579 dictum
1297 1550 1354 1578 est
1386 1553 1500 1589 supe-

190 1602 283 1645 rius,
319 1611 355 1639 et
388 1603 593 1651 quomodo
618 1602 735 1638 refert
769 1602 913 1647 dicere,
949 1603 1024 1638 Sor
1047 1602 1131 1650 suit
1163 1600 1301 1636 melior
1333 1600 1495 1635 Platone
1543 1610 1609 1637 The
1629 1617 1697 1649 way
1717 1610 1752 1636 ot·

137 1665 173 1697 ιδ
190 1668 227 1696 et
260 1661 337 1696 Sor
358 1661 443 1709 fuit
475 1660 614 1696 melior
647 1672 759 1708 quam
791 1660 875 1708 suit
897 1660 1009 1696 Plato
1042 1660 1103 1695 vel
1134 1671 1249 1708 quam
1273 1658 1386 1693 Plato
1419 1657 1493 1692 iam
1544 1645 1744 1680 expoundmg

1568 1680 1650 1707 thern
1672 1680 1730 1706 and

190 1724 255 1754 est.
291 1718 331 1755 Si
365 1717 469 1754 enirn
494 1719 571 1754 Sor
591 1718 676 1766 fuit
714 1718 852 1753 melior
883 1718 1044 1754 Platone
1075 1726 1170 1753 tunc
1193 1716 1277 1764 suit
1309 1715 1361 1750 ita
1395 1715 1497 1763 quod
1529 1715 1767 1776 ῑξῡᾷῑῇῐὲηξᾯυῒῖ

192 1776 268 1811 Sor
300 1783 356 1812 est
388 1776 526 1812 melior
548 1776 628 1821 illo,
662 1784 699 1811 et
732 1784 907 1812 econtra.
943 1776 1019 1812 Sed
1044 1775 1075 1810 si
1096 1775 1181 1823 fuit
1213 1771 1352 1809 melior
1381 1785 1495 1821 quam
1530 1756 1777 1818 ωὲζιῃῑηιςςῗῑῗῧις

194 1833 279 1881 suit
309 1834 436 1880 Plato,
483 1842 579 1869 tunc
610 1834 694 1881 fuit
725 1833 864 1869 melior
906 1846 1018 1882 quam
1052 1845 1216 1881 unquam
1245 1831 1329 1879 fuit
1369 1831 1495 1867 Plato.
1541 1819 1763 1880 ‘mgssfflfflfffl

190 1892 271 1927 Nec
303 1891 522 1939 requiritur
554 1892 659 1939 quod
683 1890 802 1927 simul
833 1891 1004 1938 fuerunt,
1039 1892 1108 1926 sed
1141 1888 1357 1937 requiritur
1390 1888 1497 1936 quod

132 1963 174 1984 20
191 1948 410 1997 aliquando
433 1948 506 1985 fuit
540 1948 594 1985 ita
625 1950 733 1997 quod
757 1950 831 1985 Sor
855 1958 912 1985 est
936 1948 1076 1985 melior
1109 1960 1229 1996 quam
1263 1946 1336 1982 fuit
1371 1947 1497 1991 Plato,

189 2007 249 2042 vel
281 2008 389 2055 quod
423 2016 482 2043 est
514 2006 655 2042 melior
687 2019 806 2055 quam
841 2007 914 2043 erit
948 2007 1073 2052 Plato,
1117 2015 1153 2042 et
1186 2005 1243 2041 ita
1284 2005 1361 2051 [ad]
1403 2005 1500 2039 dan-

190 2064 284 2100 dum
317 2064 481 2101 instans.

247 2123 532 2171 Comparativa
566 2135 671 2171 ergo,
717 2122 820 2159 sicut
865 2134 1101 2170 quecunque
1146 2121 1224 2157 alia
1257 2120 1498 2168 proposicio‚
1543 2131 1608 2158 The
1629 2131 1712 2157 truth
1733 2132 1765 2157 of

188 2187 282 2216 tunc
315 2190 372 2217 est
404 2193 495 2217 vera
540 2183 702 2229 quando
736 2189 793 2217 est
837 2180 994 2228 signum
1034 2179 1273 2227 primarium
1305 2177 1498 2224 veritatis,
1546 2168 1759 2237 proissessiteions

132 2241 171 2273 25
190 2246 226 2273 et
259 2238 357 2275 falsa
405 2240 567 2287 quando
613 2238 746 2275 deficit
779 2238 925 2274 veritas
966 2250 1087 2285 quam
1121 2236 1251 2284 primo
1285 2236 1496 2284 significat.
1549 2237 1687 2298 depelnfiis
1709 2245 1746 2263 0¹¹

190 2297 448 2344 Supponatur
481 2309 573 2344 ergo
608 2309 651 2333 ex
691 2304 782 2332 ante
818 2295 933 2332 dictis
966 2296 1074 2343 quod
1106 2295 1228 2331 nichil
1260 2306 1351 2330 vere
1390 2307 1498 2330 com-
1540 2277 1759 2341 comtpifssssons

190 2363 354 2400 paratur
387 2354 513 2400 alteri,
547 2354 622 2390 nisi
655 2354 695 2389 in
728 2353 863 2402 aliquo
888 2352 1093 2389 communi
1126 2352 1297 2389 univoco
1321 2352 1381 2388 vel
1404 2365 1497 2388 ana-
1543 2342 1751 2403 Οὺξῐζξξᾶξξξὲᾖ

188 2411 293 2458 logo,
327 2413 436 2460 quod
467 2421 682 2459 utrumque
715 2411 948 2459 participat,
989 2420 1025 2447 et
1058 2411 1132 2446 hoc
1175 2410 1254 2447 sive
1287 2409 1335 2453 sit
1369 2422 1497 2446 essen·
1520 2415 1608 2458 «must
1637 2410 1776 2465 ‘eomade

190 2468 288 2506 ciale
318 2469 563 2517 comparatis
597 2470 676 2505 sive
710 2468 971 2506 accidentale.
1008 2470 1119 2505 Patet
1150 2468 1258 2516 quod
1290 2480 1409 2503 omne
1442 2450 1788 2514 sicmsoptiicetintffiisxigme

132 2529 174 2561 30
190 2536 469 2575 comparatum
504 2527 618 2564 alteri
640 2528 701 2563 vel
731 2535 993 2574 comparatur
1025 2525 1099 2562 sibi
1122 2526 1345 2562 secundum
1370 2525 1497 2572 magis
1552 2519 1749 2583 εξὲᾩιξῗοέᾌᾶο

188 2585 247 2621 vel
280 2586 499 2622 secundum
536 2584 686 2631 minus3
721 2593 788 2621 aut
821 2584 934 2621 aliter
966 2585 1187 2620 secundum
1223 2583 1497 2631 equalitatem,
1557 2584 1746 2645 cogggggsing

1705 2639 1711 2651 ,

1539 2653 1705 2689 deficiency
1726 2660 1762 2679 or

259 2751 283 2770 2.
304 2743 405 2770 Blank
425 2751 517 2777 space
535 2742 596 2778 for
615 2743 716 2769 inilia!
736 2741 767 2769 C.
871 2751 900 2776 4.
922 2741 1191 2775 comum-nemnem
1214 2740 1442 2776 yppotheticam
1466 2739 1498 2765 B.

191 2786 236 2804 ρο,
266 2778 317 2821 31η
338 2777 413 2804 1321.
505 2778 584 2811 xit&
606 2778 642 2804 ad
664 2777 747 2804 deest
770 2778 799 2803 Η.
906 2777 950 2803 26.
973 2782 1057 2811 parte
1074 2784 1133 2811 pro
1154 2781 1221 2802 aute
1244 2775 1274 2802 Β.

262 2871 292 2902 7,
319 2860 349 2892 8.
383 2861 425 2893 Ut
452 2862 584 2893 dictum
613 2864 664 2893 est
702 2862 765 2892 See
794 2860 935 2901 Logica,
962 2860 1041 2891 Vol.
1070 2860 1092 2897 Ῑ,
1120 2870 1152 2900 p.
1180 2860 1232 2897 30,
1260 2859 1281 2890 1.
1310 2860 1454 2899 27-37.

1298 2926 1318 2957 9
