2083 3287
296 211 371 244 114

291 311 385 337 what
397 310 562 343 increases,

319 346 472 372 increases
494 345 532 379 by

318 383 366 407 the
387 379 487 406 whole
506 380 541 406 ot*

321 416 359 441 its
380 414 538 451 intensi1y3

388 449 471 476 what

291 484 565 519 diminishes,only

330 520 368 553 by
389 520 439 546 the
461 519 532 546 half.

343 554 410 582 The
431 553 513 581 third

310 597 430 617 ans-wer
450 588 554 616 denies

323 626 388 651 that
409 623 540 658 positive

322 659 380 686 and
403 658 541 693 negative

311 693 480 721 intensities
501 700 551 718 are

327 728 534 763 comparable.

340 764 396 790 But
415 763 476 790 this
497 762 523 788 is

334 799 420 827 false.
441 797 524 824 since

313 833 482 867 privations
501 839 557 858 can

321 869 356 895 be
376 866 544 901 compared

321 902 394 929 with
416 901 546 937 positive

307 937 449 971 qualities
469 944 502 962 as
522 939 553 961 to

318 972 396 999 their
416 970 496 1005 good
519 978 553 997 or

329 1006 385 1034 evil
406 1006 527 1033 results.

305 1041 354 1069 No
375 1046 436 1068 two
456 1040 559 1072 things

325 1084 379 1103 ean
402 1076 474 1102 bear
492 1074 541 1101 the

321 1119 405 1138 same
426 1109 548 1145 speciiic

322 1154 422 1179 name,
444 1145 548 1171 unless

310 1181 381 1216 they
402 1188 452 1206 are
473 1179 502 1206 in
525 1186 559 1204 so

298 1216 344 1243 sar
364 1213 571 1249 coinparable,

374 1254 402 1276 at
423 1250 499 1276 least

325 1283 542 1318 analogously:

306 1319 406 1347 which
425 1319 475 1345 the
494 1325 565 1352 very

299 1361 420 1381 answer
439 1352 561 1387 implies

313 1390 349 1424 bv
370 1388 477 1423 saying
497 1387 561 1413 that

332 1423 466 1460 positive
486 1422 543 1448 and

369 1462 505 1492 negative

300 1493 440 1528 qualities
461 1490 576 1525 differ,-

338 1528 385 1554 sor
405 1532 434 1553 to
456 1526 543 1553 differ

367 1569 520 1600 supposes

331 1603 541 1631 comparison.

356 1631 444 1666 'l'hey
464 1638 514 1657 are

302 1666 422 1693 besides
435 1665 577 1700 properly

331 1699 539 1735 comparaffle,

367 1735 416 1762 for
436 1734 514 1761 their

306 1769 482 1804 magnitude
503 1769 528 1795 is
549 1768 582 1794 ot⁴

304 1805 351 1831 the
364 1812 446 1830 same
462 1808 577 1830 nature.

319 1930 389 1957 And
413 1932 499 1957 when
525 1938 567 1956 we

328 1973 381 2000 say
401 1965 464 1991 that
483 1965 554 1991 euch

334 2000 388 2026 has
408 2008 437 2026 v.
458 2007 484 2034 g.
508 2007 543 2026 an

316 2034 461 2070 intensity
481 2034 567 2068 equ-al

316 2074 345 2096 lo
366 2076 392 2099 2,
413 2077 459 2095 we
479 2076 568 2095 mean

332 2105 397 2131 that
416 2103 438 2130 it
458 2103 550 2139 really

375 2138 430 2165 has
450 2138 511 2165 this

368 2172 522 2208 intensity.

353 2335 400 2361 All
423 2333 554 2361 doubles

344 2369 433 2403 being
447 2368 547 2407 equal,

318 2403 367 2430 the
388 2403 565 2437 magnitude

308 2439 336 2465 A
356 2438 382 2465 is
401 2443 432 2464 to
452 2437 492 2465 its
512 2437 580 2464 halt·

310 2481 342 2499 as
355 2472 404 2500 the
420 2472 583 2500 smallness

330 2506 353 2533 Β
371 2511 402 2533 to
422 2507 460 2534 its
480 2506 559 2538 haist

315 2541 415 2568 which
437 2541 541 2568 makes
562 2548 578 2568 a

389 2576 509 2610 regular

347 2610 542 2646 proportion.

566 1357 746 1394 ’differre
785 1357 892 1404 quod
932 1365 1118 1392 neutrum
1159 1367 1215 1393 est
1258 1358 1541 1405 compossibile
1585 1359 1712 1395 alteri.

1021 208 1245 239 JOHANNIS
1271 209 1457 240 WYCLIF
1736 206 1823 236 CAP-
1845 209 1897 238 VI·

582 323 840 360 augmentum
889 313 1095 361 acquirere
1141 323 1296 350 tantum
1344 324 1537 362 quantum
1578 317 1708 363 ipsum
1743 327 1817 365 est3
1863 327 1899 354 et

581 371 824 407 diminutum
859 384 941 407 non
973 380 1132 419 oportet
1165 374 1383 420 deperdere
1428 373 1499 409 nisi
1542 374 1798 411 medietatem
1831 388 1901 412 sue

580 429 815 466 latitudinis.
853 430 1059 476 Repugnat
1093 442 1187 477 ergo
1220 429 1307 466 illas
1340 430 1573 468 latitudines
1606 444 1690 468 esse
1712 445 1842 481 pares,

641 488 684 522 3ίι
723 486 930 534 responsio
954 496 1074 534 negat
1097 500 1256 523 omnem
1284 489 1635 536 comparacionem
1661 490 1901 537 privacionis

582 547 631 581 ad
665 544 865 592 habitun13
900 554 936 580 et
969 544 1086 580 istam
1122 545 1354 593 opinionem
1388 556 1524 583 tenent
1554 547 1678 596 aliqui
1713 549 1779 595 (de
1815 549 1901 597 qui—

583 605 655 639 bus
689 603 845 649 miror),
880 602 946 649 qui
992 613 1144 649 ponunt
1188 616 1348 639 omnem
1394 605 1666 651 privacionem
1701 618 1785 643 esse
1817 619 1898 643 rem

584 661 795 710 privatam.
830 662 906 696 Ista
939 670 1071 696 autem
1107 661 1314 708 responsio
1348 662 1513 708 excedit,
1548 676 1635 699 cum
1671 673 1749 700 stat
1772 665 1901 713 priva-

586 720 740 756 cionem
775 718 1003 765 comparari
1036 732 1115 766 quo
1148 720 1197 755 ad
1232 719 1452 756 honitatem
1476 721 1536 757 vel
1560 721 1762 758 maliciam
1795 722 1902 770 posi-

586 777 727 821 tivam3
762 785 798 812 et
831 775 886 811 sic
920 777 967 812 de
997 777 1236 813 causacione
1261 786 1297 813 et
1325 778 1457 814 multis
1481 778 1583 817 aliis,
1616 782 1718 815 Nam
1743 780 1903 816 habitus

586 835 679 871 facit
712 835 799 882 plus
833 834 940 879 boni,
990 843 1026 870 et
1060 847 1129 882 per
1163 846 1410 883 consequens
1456 846 1513 873 est
1553 837 1778 885 religiosior
1809 840 1901 875 data

586 892 835 941 privacione3
881 892 981 928 sicut
1027 902 1062 928 et
1109 905 1187 929 una
1221 893 1503 931 denominacio
1535 895 1625 931 talis
1659 904 1716 931 est
1749 896 1904 945 reliqua

586 949 819 995 durabilior,
853 950 1073 997 potencior‚
1107 951 1318 994 remocior,
1353 952 1636 1000 propinquior3
1667 950 1670 1005 Ι
1701 963 1737 990 et
1769 953 1825 990 sic
1857 955 1905 990 de

586 1008 830 1058 quibuslibet
860 1008 1264 1045 denominacionibus
1295 1009 1535 1049 extrinsecis.
1568 1012 1728 1057 Ymmo,
1755 1011 1906 1048 claudit

587 1065 955 1103 contradiccionem
1002 1066 1135 1114 aliqua
1181 1079 1277 1112 esse,
1324 1077 1684 1117 quantumcunque
1729 1069 1905 1118 disparia

587 1125 744 1170 fuerint,
790 1123 864 1159 nisi
910 1124 958 1160 sit
1007 1125 1264 1172 comparacio
1310 1125 1410 1162 inter
1458 1126 1524 1163 illa
1558 1129 1778 1163 secundum
1813 1140 1906 1164 con-

586 1182 834 1219 venienciam
882 1191 918 1217 et
964 1182 1237 1218 dirl'erenciam
1291 1184 1328 1219 in
1382 1183 1516 1233 aliqua
1571 1185 1906 1222 denominacione

588 1240 775 1290 specifica
808 1240 983 1287 generali
1019 1241 1078 1276 rel
1111 1242 1294 1288 analoga.
1341 1243 1388 1277 Et
1421 1244 1497 1279 hoc
1530 1243 1729 1279 invenitur
1773 1244 1812 1279 in
1846 1256 1905 1279 re-

588 1299 816 1347 sponsione,
850 1310 940 1333 cum
976 1298 1121 1334 dicitur
1154 1299 1423 1347 privacionem
1460 1310 1496 1337 et
1529 1301 1710 1337 habitum
1750 1310 1904 1338 tantun]

1766 1359 1908 1395 Omnis

590 1415 694 1452 enim
730 1413 961 1451 differencia
994 1415 1053 1450 vel
1086 1424 1143 1451 est
1178 1416 1448 1462 comparacio,
1481 1418 1541 1453 vel
1575 1418 1734 1453 adeam
1769 1430 1907 1454 secun-

590 1484 655 1509 tur
687 1472 840 1508 infinite
874 1473 1217 1519 comparaciones.

650 1533 762 1574 Item,
796 1530 951 1567 videtur
984 1532 1090 1578 quod
1125 1531 1189 1567 ille
1221 1532 1348 1568 forme
1381 1541 1471 1567 sunt
1504 1533 1666 1580 proprie
1700 1546 1907 1581 compara-

593 1589 703 1635 biles,
737 1588 831 1636 quia
865 1590 1005 1625 eadem
1039 1598 1095 1624 est
1130 1589 1364 1637 magnitudo
1388 1589 1608 1638 utriusque,
1644 1603 1733 1627 cum
1757 1600 1910 1628 utrum—

593 1660 669 1696 que
718 1646 824 1694 capit
874 1646 1191 1693 magnitudinem
1237 1660 1349 1683 suam
1385 1661 1405 1684 a
1440 1648 1617 1684 subiecto
1662 1658 1795 1696 preter
1828 1649 1910 1685 eius

594 1705 760 1742 subiecti
794 1704 1135 1752 magnitudinem3
1169 1718 1249 1741 non
1283 1715 1339 1742 est
1372 1705 1449 1741 illis
1472 1706 1562 1755 alia,
1595 1706 1689 1754 quia
1721 1707 1837 1743 aliter
1859 1709 1941 1743 ad-

593 1776 755 1800 omnem
802 1772 1011 1810 punctum7
1055 1776 1175 1811 quam
1222 1764 1311 1799 talis
1355 1763 1557 1799 infinitum
1612 1778 1758 1812 magna
1811 1774 1910 1801 esset

595 1821 829 1869 magnitudo
863 1820 1083 1868 parvitatis,
1130 1831 1166 1857 et
1199 1834 1269 1869 per
1301 1821 1406 1857 idem
1441 1823 1490 1858 ad
1523 1835 1683 1858 omnem
1714 1832 1907 1870 punctum

596 1879 734 1916 mundi
768 1878 968 1914 inlinitum
1006 1891 1149 1926 magna
1182 1879 1368 1916 intensio.

654 1942 698 1973 20
734 1937 998 1973 confirmatur
1043 1936 1140 1972 illud
1175 1951 1245 1985 per
1278 1939 1352 1973 hoc
1387 1939 1494 1985 quod
1535 1947 1747 1986 utramque
1792 1938 1910 1986 signi—

595 1996 737 2032 ficatur
769 2007 857 2030 vere
890 1996 1037 2031 habere
1070 1995 1385 2043 magnitudinem
1412 2004 1453 2031 ut
1478 1997 1571 2045 duo,
1606 2005 1642 2032 et
1674 2009 1796 2032 unam
1828 2009 1911 2032 esse
1927 2002 1941 2011 ''

596 2062 798 2090 causatam
834 2053 873 2088 in
905 2065 1049 2100 genere
1082 2066 1167 2099 suo,
1201 2053 1302 2089 sicut
1336 2053 1487 2102 reliqua
1522 2063 1580 2090 est
1611 2054 1652 2089 in
1684 2067 1774 2100 suo;
1820 2067 1908 2090 cum

596 2124 690 2160 ergo
734 2111 871 2147 onmia
915 2123 1086 2159 quorum
1137 2111 1434 2159 magnitudines
1477 2124 1567 2148 vere
1618 2111 1909 2160 significantur,

598 2183 686 2206 cum
733 2170 873 2205 eodem
920 2168 1091 2205 termino
1138 2169 1336 2206 materiali
1381 2178 1471 2205 sunt
1516 2169 1686 2218 equalia,
1732 2170 1911 2219 sequitur

597 2229 705 2276 quod
738 2226 868 2262 omnis
912 2226 1105 2275 privativa
1145 2227 1426 2264 denominacio
1466 2228 1514 2263 sit
1548 2227 1700 2275 equalis
1733 2228 1910 2264 denomi-

596 2284 755 2322 nacioni
788 2284 968 2332 positive.

659 2344 702 2379 30
736 2342 809 2378 sic:
843 2342 1058 2391 proporcio
1092 2344 1124 2378 A
1159 2342 1446 2390 magnitudinis
1469 2344 1519 2379 ad
1544 2342 1626 2379 eius
1657 2343 1910 2380 medietatem

599 2410 656 2437 est
689 2400 840 2449 equalis
873 2399 1131 2448 proporcioni
1155 2402 1184 2436 B
1212 2400 1419 2448 parvitatis
1451 2401 1501 2437 ad
1524 2400 1607 2437 eius
1641 2401 1910 2447 medietatem,

598 2459 692 2507 quia
725 2470 864 2494 omnes
897 2457 1187 2507 proporciones
1221 2458 1340 2506 duple
1373 2467 1465 2495 sunt
1497 2459 1673 2506 equales.
1707 2460 1811 2507 Ergo
1845 2458 1912 2495 illa

598 2530 623 2563 4
656 2525 747 2553 sunt
779 2515 1107 2565 proporcionalia
1153 2517 1202 2552 ad
1248 2515 1417 2552 invicem
1457 2518 1677 2553 secundum
1712 2518 1733 2552 6
1767 2528 1913 2565 genera

1924 851 1961 871 10

1944 957 1969 987 Β
1985 955 2044 987 60*

1926 1130 1961 1162 15

1927 2012 1968 2033 30

599 2574 929 2622 proporcionum,
974 2575 1020 2610 de
1065 2573 1210 2621 quibus
1248 2574 1288 2610 in
1325 2575 1368 2609 50
1402 2574 1689 2611 elementarum
1723 2573 1970 2619 Euclidis.4o

670 2730 710 2748 10.
734 2721 827 2757 sugim-
853 2721 885 2748 Β.
960 2729 998 2748 12.
1021 2721 1211 2753 diuturnior3
1233 2729 1311 2748 corr.
1333 2721 1428 2748 below
1448 2721 1480 2748 Β.

601 2778 684 2814 often
717 2779 911 2813 throughout
935 2779 985 2806 tlte
1010 2779 1076 2807 MS.

1555 2720 1592 2748 13.
1614 2721 1689 2756 q‚l3:
1711 2722 1774 2748 ancl
1791 2729 1826 2748 so
1841 2729 1913 2755 ver)-

1184 2778 1225 2805 25.
1258 2789 1271 2806 e
1292 2775 1327 2806 ἷΙ]
1361 2784 1392 2805 :1⁸
1419 2779 1456 2812 Ρη
1487 2779 1524 2805 ila.

1067 2836 1110 2864 ’ξι-ν.
1134 2837 1168 2863 :id
1187 2824 1247 2876 ἶβιν·
1270 2837 1301 2863 Β.

1556 2785 1583 2805 m·
1610 2779 1641 2805 n.
1750 2779 1794 2806 aa.
1820 2765 1852 2814 ἳῖ,
1880 2778 1911 2805 iz.

601 2844 647 2866 20.
670 2841 790 2872 <butum
814 2824 920 2874 νῖῗριῃ
943 2837 974 2863 Η.
