2083 3287
300 225 347 261 32

343 345 525 378 individual,

331 381 390 407 and
413 384 466 406 not
485 381 535 406 the

345 414 516 441 individual

367 449 499 476 himself.

308 1038 333 1066 3.
354 1038 414 1066 We
434 1046 556 1065 answer

292 1075 366 1107 that,
394 1073 562 1107 according

306 1114 336 1136 to
359 1108 563 1139 Grosseteste,

322 1144 407 1170 there
428 1151 477 1170 are
499 1143 555 1169 five

349 1178 469 1213 species
490 1177 525 1204 of

340 1212 531 1240 universals:

345 1255 431 1274 some
452 1247 529 1273 exist

334 1283 437 1309 before
455 1282 536 1308 their

310 1318 474 1352 singulars,
497 1315 555 1343 and

300 1360 350 1379 are
371 1356 423 1378 not
437 1351 573 1378 founded

308 1388 337 1414 in
358 1387 440 1413 them
463 1387 515 1413 but
534 1386 563 1412 in

337 1421 417 1455 God,
438 1421 469 1448 in
488 1421 539 1447 the

324 1457 441 1491 Angels
462 1464 497 1482 or
517 1456 547 1481 in

326 1492 377 1518 the
399 1490 546 1525 heavenly

310 1525 561 1557 constellations;

314 1561 373 1587 and
394 1561 465 1596 they
486 1560 558 1586 bear

301 1596 442 1623 different
456 1602 573 1622 names.

320 1630 388 1657 The
409 1631 474 1657 first
496 1637 546 1656 arc

345 1666 394 1692 the
415 1664 527 1691 eterual

326 1700 422 1730 ideas,
444 1699 547 1726 which

329 1743 454 1761 assume
474 1735 547 1769 only

303 1769 401 1797 God's
422 1769 576 1796 existence

301 1804 360 1831 and
383 1804 438 1831 His
460 1810 566 1839 power

328 1840 362 1866 of
381 1838 553 1874 producing

355 1878 520 1901 creaturos.

334 1955 422 1991 They
445 1962 495 1981 are
516 1955 546 1981 in

349 1990 418 2017 God
441 1998 474 2017 as
495 1997 533 2015 an

349 2024 525 2052 extrinsical

347 2064 464 2095 pattern
485 2059 533 2086 tor

382 2095 454 2121 Him
476 2099 506 2121 to

332 2130 469 2165 produce
490 2129 545 2164 by3

320 2246 392 2281 they
412 2253 553 2272 measure

330 2282 381 2307 the
403 2281 493 2315 being
513 2280 547 2306 of

336 2316 452 2350 things,
480 2315 538 2342 and

351 2359 396 2377 we
417 2354 529 2377 cannot

333 2386 424 2412 know
442 2385 545 2419 things

305 2420 415 2459 rightly
434 2420 565 2446 without

304 2455 450 2490 knowmg
469 2455 563 2481 them.

1015 230 1241 262 JOHANNIS
1266 230 1453 262 WYCLIF
1749 228 1839 256 CAP.
1860 227 1898 255 11.

585 345 687 372 tates
711 335 1030 383 distingwuntur.
1067 337 1232 371 Possum
1260 335 1366 371 enim
1390 335 1504 372 odire
1527 338 1637 384 quod
1659 336 1724 372 ille
1747 345 1898 384 peccat,

585 395 645 431 vel
678 402 889 442 peccatum
923 393 1040 439 illius,
1075 394 1182 442 quod
1216 393 1323 429 idem
1357 402 1433 439 est;
1468 402 1505 430 et
1527 403 1663 430 tamen
1686 407 1767 430 non
1790 394 1901 431 odire

586 453 654 488 sed
699 463 836 488 amare
882 451 1027 499 ipsum.
1075 451 1124 487 Et
1162 451 1218 488 sic
1256 464 1420 499 possum
1461 451 1648 500 ignorare
1687 453 1796 500 quod
1836 451 1902 488 ille

588 519 646 546 est
691 518 819 557 pater,
863 509 924 545 vel
967 509 1253 557 paternitatem
1302 509 1398 556 eius,
1447 511 1556 557 quod
1595 510 1702 546 idem
1742 518 1816 555 est·,
1865 518 1902 546 et

586 576 723 604 tamen
754 580 836 603 non
869 567 1055 614 ignorare
1088 566 1220 615 ipsum
1254 579 1351 613 esse,
1385 569 1494 615 quod
1528 576 1586 603 est
1616 567 1699 604 eius
1723 567 1902 604 essencia

588 635 624 661 et
663 625 758 673 ipse.
806 624 973 661 Videtur
1005 633 1142 661 tamen
1175 626 1285 672 quod
1319 637 1392 673 ego
1425 638 1507 661 non
1542 625 1664 673 diligo
1696 625 1898 661 hominem

588 696 672 719 esse
704 683 744 718 in
777 683 901 728 fovea,
935 682 1010 719 nisi
1045 683 1348 731 quodammodo
1373 682 1537 731 diligam
1563 695 1653 719 eum
1678 683 1901 719 dileccione

588 741 753 777 confusa
792 740 982 787 naturali,
1027 741 1088 777 vel
1127 740 1243 776 aliter
1282 740 1526 779 inordinata.
1578 743 1659 778 Nec
1699 753 1900 789 cognosco

589 801 749 835 Petrum
790 811 863 835 nec
902 798 1068 847 aliquod
1101 798 1287 835 accidens
1319 799 1500 845 subiecti,
1547 798 1622 835 nisi
1657 811 1899 846 cognoscam

587 856 719 905 ipsum
752 856 992 903 subiectum,
1027 869 1117 892 cum
1140 869 1259 892 omne
1291 857 1370 892 tale
1403 857 1588 893 accidens
1612 856 1661 893 sit
1690 857 1899 893 subiectum

588 914 811 963 aliqualiter
842 914 1136 950 accidentaliter
1165 927 1206 950 se
1237 915 1392 960 habere.
1427 916 1505 951 Sed
1538 916 1586 951 de
1619 914 1703 951 istis
1737 923 1902 951 actenus

588 972 773 1008 sufficiat.

647 1032 709 1066 Ad
753 1030 809 1066 3¹¹³
850 1029 997 1067 dicitur
1042 1031 1149 1078 quod
1195 1039 1255 1067 est
1293 1032 1388 1066 dare
1427 1030 1669 1067 universalia
1709 1043 1752 1067 ex
1790 1038 1904 1079 parte

589 1088 658 1134 rei,
693 1096 730 1124 et
762 1089 839 1124 hoc
871 1089 1092 1125 secundum
1130 1088 1310 1137 quinque
1343 1090 1504 1137 gradus,
1538 1097 1581 1124 ut
1605 1090 1721 1125 docet
1745 1088 1904 1124 Lincol-

588 1146 737 1182 niensis
767 1146 898 1194 primo
927 1145 1212 1195 posteriorum.
1245 1146 1391 1195 Aliqua
1416 1147 1521 1182 enim
1545 1155 1637 1182 sunt
1659 1146 1901 1182 universalia

589 1204 740 1251 priora,
794 1204 1063 1252 singularibus
1116 1204 1459 1252 corruptibilibus,
1513 1217 1595 1240 non
1647 1205 1816 1241 fundata
1863 1204 1904 1239 in

589 1261 700 1310 ipsis.
735 1264 783 1298 Et
816 1263 892 1298 hoc
926 1262 1159 1310 dupliciter:
1192 1263 1253 1298 vel
1287 1264 1394 1311 quod
1427 1262 1504 1298 sint
1535 1262 1716 1299 raciones
1739 1263 1904 1298 fundate

590 1319 630 1355 in
664 1321 738 1356 deo
772 1320 856 1356 sine
889 1320 1052 1357 alterius
1086 1320 1328 1368 indigeneia,
1361 1321 1423 1357 vel
1451 1320 1491 1356 in
1516 1320 1810 1369 intelligenciis,
1843 1320 1904 1356 vel

594 1378 636 1413 30
672 1378 712 1413 in
743 1377 1123 1415 constellacionibus
1148 1379 1372 1417 celestibus.
1405 1380 1554 1414 Omnes
1578 1378 1683 1415 enim
1707 1378 1905 1414 manieres

588 1435 874 1472 universalium
906 1444 1102 1473 vocantur
1139 1438 1251 1484 ydee,
1298 1437 1357 1473 vel
1391 1437 1520 1472 forma
1552 1437 1811 1484 exemplares,
1844 1437 1904 1472 vel

590 1493 789 1541 raciones,
838 1494 1010 1541 numeri,
1056 1503 1124 1530 aut
1168 1494 1368 1543 principia
1412 1495 1663 1543 producendi
1703 1503 1772 1531 aut
1812 1506 1903 1530 cau-

590 1551 704 1588 sandi
736 1552 810 1589 ista
843 1552 1159 1600 corrruptibilia‚
1194 1555 1243 1589 Et
1275 1553 1404 1601 prime
1437 1562 1530 1589 sunt
1562 1553 1650 1589 idee
1684 1561 1831 1598 eterne,
1866 1561 1902 1587 et

588 1619 784 1647 vocantur
822 1623 844 1646 a
879 1610 1150 1647 Lincolniensi
1189 1610 1483 1647 concreatrices
1522 1610 1590 1656 rei,
1640 1623 1714 1647 nec
1746 1618 1903 1659 ponunt

591 1667 699 1704 aliud
744 1668 818 1704 nisi
864 1669 982 1704 deum
1029 1681 1126 1715 esse,
1172 1677 1209 1705 et
1251 1668 1349 1705 talia
1393 1681 1510 1717 posse
1554 1668 1723 1717 produci
1768 1681 1790 1704 a
1828 1669 1902 1703 deo

591 1727 811 1762 secundum
858 1726 1040 1762 ordinem
1082 1726 1262 1763 debiturn
1304 1735 1340 1763 et
1379 1739 1626 1773 mensuram,
1672 1735 1715 1762 ut
1754 1727 1903 1774 produ-
1945 1731 1957 1763 ζ

593 1783 764 1820 cibilitas
804 1784 980 1820 hominis
1019 1784 1060 1820 in
1094 1785 1168 1821 deo
1201 1794 1315 1831 esset,
1363 1785 1545 1833 quamvis
1578 1797 1659 1821 non
1693 1792 1793 1820 esset
1826 1783 1903 1819 alia

593 1841 771 1878 essencia
794 1851 929 1890 preter
953 1844 1087 1889 deum,
1122 1855 1213 1878 cum
1237 1842 1287 1878 sit
1310 1852 1498 1880 coeterna
1523 1851 1560 1879 et
1583 1843 1904 1890 correspondens

591 1899 839 1947 producitati
873 1900 949 1947 dei,
983 1900 1085 1936 sicut
1119 1909 1307 1937 coeterna
1331 1914 1421 1937 cum
1446 1902 1521 1937 deo
1545 1909 1602 1937 est
1624 1900 1714 1936 talis
1736 1900 1902 1937 veritas:

591 1958 663 1993 ista
704 1965 868 2007 possunt
907 1958 1085 1994 ordinate
1117 1959 1298 2007 produci.
1346 1961 1428 1995 Nec
1472 1967 1604 2007 potest
1648 1958 1714 1995 illa
1758 1957 1904 1994 veritas

592 2015 702 2063 poni,
749 2015 825 2052 nisi
869 2016 910 2051 in
958 2017 1033 2052 deo
1078 2016 1146 2065 qui
1185 2025 1243 2053 est
1281 2017 1423 2065 plenus
1462 2016 1643 2063 veritate,
1689 2016 1765 2052 nisi
1803 2016 1905 2051 forte

592 2073 783 2122 equivoce
816 2074 866 2110 sit
898 2073 940 2109 in
973 2073 1075 2121 aliis,
1109 2074 1150 2110 in
1183 2074 1328 2123 quibus
1362 2084 1419 2111 est
1452 2076 1561 2111 deus.
1596 2077 1644 2110 Et
1677 2082 1817 2110 notum
1849 2081 1906 2109 est

592 2133 701 2180 quod
745 2131 813 2167 illa
857 2131 965 2168 racio
1005 2140 1062 2168 est
1102 2133 1304 2181 exemplar
1344 2133 1608 2169 extrinsecum
1649 2132 1757 2168 iuxta
1797 2132 1906 2180 quod

593 2191 689 2226 deus
740 2190 940 2237 producit,
986 2202 1077 2226 cum
1122 2203 1203 2227 non
1247 2191 1373 2239 possit
1416 2192 1640 2239 producere
1684 2190 1786 2242 illas,
1831 2188 1907 2225 nisi

591 2248 812 2284 secundum
837 2260 949 2283 suam
975 2248 1323 2296 producivitatem.
1356 2250 1448 2285 Ideo
1482 2257 1574 2284 sunt
1607 2261 1724 2284 cause
1757 2246 1907 2296 princi-

590 2305 745 2352 piantes
770 2314 806 2341 et
830 2315 1099 2353 numerantes,
1133 2307 1208 2343 hoc
1232 2315 1301 2353 est,
1337 2315 1614 2343 mensurantes
1647 2319 1728 2342 esse
1760 2305 1836 2351 rei;
1871 2313 1908 2341 et

590 2363 679 2399 illas
718 2372 877 2411 oportet
916 2376 1159 2412 cognoscere
1200 2366 1481 2413 cognoscendo
1515 2377 1588 2403 res,
1636 2364 1748 2410 QuiS,
1795 2376 1906 2411 rogo,

591 2430 853 2469 cognosceret
888 2421 1093 2458 hominem
1128 2422 1272 2469 debite,
1306 2422 1381 2459 nisi
1413 2423 1767 2471 precognoscendo
1800 2422 1909 2470 quod

592 2488 649 2515 est
688 2479 899 2515 causabilis
932 2493 954 2516 a
987 2481 1061 2516 deo
1097 2484 1154 2515 2m
1188 2480 1363 2517 debitam
1413 2480 1688 2517 habitudinem
1724 2481 1774 2516 ad
1807 2479 1905 2515 alias

594 2545 727 2584 partes
762 2537 925 2573 mundi?
959 2547 995 2574 et
1028 2538 1096 2574 illa
1130 2539 1385 2575 causabilitas
1419 2547 1475 2575 est
1507 2540 1605 2586 ydea
1639 2537 1759 2586 primi
1784 2537 1907 2574 modi.

663 2750 696 2769 11.
719 2742 822 2777 a'quar
844 2746 921 2770 aecir
943 2743 976 2770 B.
1086 2744 1128 2771 16.
1150 2743 1303 2778 coruptib⁹
1325 2743 1357 2770 B.
1466 2750 1504 2770 21.
1540 2721 1679 2778 (priapro
1701 2742 1855 2778 principia
1876 2742 1908 2769 Β.

594 2799 636 2828 23.
659 2801 710 2828 r'r'.
730 2808 789 2834 pro
811 2801 852 2828 rei
875 2801 908 2827 B.
1023 2801 1070 2828 26.
1092 2809 1158 2828 esse
1180 2801 1213 2827 B.
1332 2800 1377 2828 28.
1401 2801 1556 2836 producite
1578 2801 1610 2828 B.
1731 2799 1777 2833 34.
1800 2791 1910 2835 {epra

594 2855 685 2874 cause
705 2847 738 2873 B.
814 2846 856 2874 35.
881 2848 936 2874 r'r'
952 2855 1012 2882 pro
1034 2848 1075 2874 rei
1098 2850 1128 2874 Β.

1922 869 1960 890 10

1924 1150 1960 1181 15

1924 2310 1962 2343 35
