2083 3287
267 216 342 250 174
986 209 1209 240 JOHANNIS
1233 208 1418 239 WYCLIF
1688 206 1778 234 CAP.
1798 204 1866 233 VII.

274 326 437 357 However,
457 323 518 350 this
550 315 617 351 illa
641 326 892 361 cognoscere,
927 322 963 350 et
986 322 1117 362 potest
1149 322 1305 350 tantum
1341 314 1491 350 discere
1525 314 1633 362 quod
1664 315 1725 350 vel
1757 313 1868 361 igno-

266 359 536 454 Ῑίῃὲξῇζὲἓὲᾝη),
553 382 612 409 ret
650 373 709 409 vel
747 372 790 417 si,
838 372 973 420 aliqua
1006 372 1245 420 ignorando,
1292 371 1364 408 fuit
1397 371 1500 416 felix,
1545 380 1702 408 tantum
1737 371 1866 408 sciens

297 437 407 491 Psfssgffi
427 431 503 488 thnem
553 430 654 467 sicut
687 439 836 478 potest3
880 438 974 466 tunc
1007 430 1238 466 huiusmodi
1272 429 1495 478 aquirendo
1526 429 1718 466 noticiam
1751 429 1868 465 unius

279 498 361 533 sight
380 497 418 536 οἱι
432 496 513 530 God,
553 488 737 536 deperdit
769 487 961 524 noticiam
996 488 1173 524 alterius.
1208 490 1341 524 Potest
1374 496 1509 524 tamen
1543 500 1625 524 esse
1659 489 1766 535 quod
1800 489 1869 524 ad-

311 533 487 603 pss'ssffjgfssss
554 547 686 595 quirat
719 546 827 582 illam
863 545 1053 582 noticiam
1088 546 1172 582 sine
1205 548 1280 582 hoc
1313 547 1421 594 quod
1444 546 1635 593 deperdat
1658 544 1868 593 reliquam,

273 602 526 664 {ligugrssctliurii'zixi
553 604 655 641 sicut
693 603 963 640 communiter
1001 603 1318 652 sophisticantur
1356 604 1395 639 in
1430 603 1598 640 materia
1632 604 1679 639 de
1712 603 1869 639 fortitu-

307 672 371 698 also
394 671 428 697 be
449 667 516 697 the*
555 662 648 698 dine
680 661 801 698 solius
835 661 1015 698 mulieris
1048 661 1237 699 derelicte
1271 664 1318 698 de
1351 662 1482 710 specie
1514 662 1691 697 humana
1723 661 1870 709 impre-

275 706 526 768 ofktffiugfcdsffid.
555 729 686 768 gnate.
740 721 908 767 Semper
952 733 1046 768 ergo
1091 720 1182 756 felix
1226 722 1345 757 habet
1392 719 1587 756 noticiam
1629 720 1777 755 claram
1821 720 1868 755 de

555 780 648 826 deo,
689 786 725 814 et
757 777 932 825 replecio
966 778 1201 826 capacitatis
1234 791 1304 815 sue
1336 777 1505 826 impedit
1537 777 1667 825 ipsum
1702 776 1742 813 in
1775 789 1869 813 casu

555 837 604 872 ad
650 835 904 883 discendum,
950 837 1058 884 quod
1097 849 1177 873 non
1217 845 1274 873 est
1314 835 1478 884 proprie
1517 835 1726 883 impedire.
1779 837 1870 871 Non

555 903 691 930 tamen
725 904 783 930 est
816 893 1008 942 possibile
1041 894 1235 943 quicquid
1269 894 1422 931 discere
1454 894 1515 930 vel
1547 893 1661 939 scire,
1694 892 1769 929 nisi
1794 892 1870 929 dis-

557 961 670 988 catur
701 952 762 988 vel
794 951 943 988 sciatur
982 952 1022 988 in
1062 954 1182 989 verbo
1213 953 1273 989 vel
1305 964 1376 1000 per
1407 953 1584 989 verbum.
1628 953 1705 988 Sed
1738 951 1769 987 si
1802 963 1871 987 no-

556 1010 650 1046 ticia
689 1009 808 1046 fuerit
840 1009 1089 1058 imperfecta,
1139 1020 1175 1047 et
1206 1024 1277 1059 per
1311 1010 1517 1047 mociones
1549 1010 1763 1046 veritatum
1800 1008 1872 1045 sci-

556 1077 688 1104 turum
729 1068 915 1116 ignorato
954 1070 1088 1114 verbo,
1134 1078 1228 1106 tunc
1268 1078 1434 1105 vocatur
1465 1067 1615 1105 noticia
1649 1067 1873 1116 vespertina

558 1139 690 1162 rerum
736 1126 776 1162 in
821 1126 988 1174 proprio
1026 1139 1183 1175 genere.
1239 1129 1286 1163 Et
1324 1127 1426 1163 forte
1466 1126 1626 1163 habitus
1665 1126 1764 1162 tales
1802 1126 1871 1161 ad-

558 1183 726 1233 quisitos
765 1185 972 1220 habebunt
1010 1185 1194 1222 ultimate
1234 1185 1366 1221 felices
1405 1184 1507 1221 sicut
1546 1193 1583 1221 et
1621 1183 1791 1221 noticias
1824 1184 1872 1219 ab

560 1242 636 1278 illis
670 1251 866 1279 causatas.

290 1304 527 1377 plgiegtvingetlziqsy
617 1302 694 1336 Sed
728 1300 993 1349 relinquendo
1032 1300 1099 1337 illa
1131 1300 1343 1349 theologiS,
1372 1299 1377 1354 Ι
1406 1300 1640 1338 conceditur
1679 1300 1786 1348 quod
1818 1307 1874 1335 est

283 1378 347 1404 mat
367 1376 451 1403 there
472 1375 497 1401 ig
518 1383 533 1401 a
560 1359 656 1395 dare
690 1358 908 1395 maximum
943 1360 1150 1395 cumulum
1184 1359 1414 1407 possibilem
1441 1358 1527 1395 fieri
1550 1360 1599 1395 ab
1623 1357 1873 1403 hominibus;

296 1410 524 1478 gilzsglzffissffie
561 1430 640 1465 quo
685 1418 792 1462 dato,
840 1426 1037 1465 repugnat
1071 1419 1178 1465 quod
1213 1418 1439 1454 cumuletur
1470 1417 1650 1463 ulterius,
1696 1415 1770 1451 nisi
1804 1415 1874 1452 ali-

285 1481 377 1542 mtjffet
395 1479 522 1550 {grunieen
561 1476 666 1511 unde
699 1474 768 1511 fiat
801 1475 1033 1512 diminucio.
1079 1477 1160 1512 Nec
1195 1484 1251 1511 est
1285 1476 1359 1512 hoc
1390 1474 1627 1512 incredibile
1661 1474 1875 1522 filosopho,

289 1551 348 1578 ancl
370 1554 400 1576 to
422 1549 522 1576 which
563 1532 655 1581 quia
702 1542 917 1581 antequam
959 1533 1061 1570 fierit
1106 1533 1196 1570 talis
1240 1533 1372 1580 turris,
1432 1532 1547 1570 valde
1600 1531 1877 1569 debilitaretur

271 1594 310 1612 no
331 1584 468 1612 addition
490 1591 545 1610 can
562 1600 647 1627 tota
681 1591 897 1628 multitudo
930 1591 1140 1627 hominum
1175 1591 1243 1639 qui
1275 1591 1405 1627 forent
1428 1591 1581 1628 habiles
1604 1592 1653 1627 ad
1677 1592 1876 1638 agendum

306 1619 483 1694 ,ἓξίϊῐῑᾩςῗιῗῑρ
563 1662 676 1697 opus.
716 1651 771 1686 Ita
811 1650 931 1698 quod,
976 1650 1035 1686 vel
1076 1658 1242 1698 propter
1280 1649 1554 1697 inpotenciam
1595 1649 1772 1695 illorum,
1817 1649 1877 1685 vel

283 1690 531 1758 ‘iviffitiissiiopsinfiil
564 1717 729 1755 propter
782 1707 1007 1744 carenciam
1061 1709 1121 1744 vel
1173 1707 1529 1755 indisposicionem
1585 1706 1765 1754 materie,
1817 1707 1878 1742 vel

277 1758 543 1828 ΑΞΙΪᾹΞΓΞᾨῙΕἛῘΨ
564 1774 730 1813 propter
768 1766 1019 1802 vetacionem
1059 1765 1216 1802 virtutis
1251 1766 1416 1814 regitive
1448 1765 1624 1802 universi
1657 1778 1738 1802 non
1771 1765 1878 1801 suffi-

267 1826 545 1890 tsslgehffinvylsslrsmocfe
565 1832 698 1859 cerent
731 1824 910 1871 ulterius,
945 1837 1082 1872 ymmo
1115 1825 1209 1860 data
1243 1824 1411 1860 minima
1445 1823 1670 1872 quantitate
1703 1824 1775 1859 sub
1799 1835 1878 1871 qua

323 1897 424 1924 would
447 1897 482 1923 be
564 1894 644 1917 non
667 1891 797 1929 potest
822 1894 905 1918 esse
926 1882 1016 1918 talis
1040 1882 1236 1918 cumulus.
1261 1884 1369 1918 quta
1393 1882 1605 1930 opinantes
1629 1881 1877 1917 contrarium

316 1932 494 1959 exhauste-1.
564 1949 646 1975 tam
692 1940 926 1976 incredibile
973 1949 1074 1976 esset
1114 1940 1268 1987 plebeo,
1314 1949 1529 1988 postquam
1572 1940 1755 1976 cumulus
1798 1952 1879 1975 non

566 1997 753 2034 deficeret
797 1998 871 2034 nisi
920 2011 990 2046 per
1030 2002 1106 2047 4³¹¹¹
1148 1998 1260 2046 pedis
1306 2011 1327 2034 a
1369 1998 1438 2034 tali
1479 1997 1716 2047 quantitate,
1771 1998 1877 2045 quod

567 2068 706 2092 omnes
739 2056 922 2092 homines
957 2056 1095 2092 mundi
1129 2069 1208 2092 non
1241 2056 1469 2093 sufficerent
1493 2057 1640 2092 addere
1664 2055 1730 2091 ille
1754 2068 1879 2104 quan-

567 2113 672 2150 titati
706 2117 782 2159 4³¹¹]
823 2114 949 2162 pedis.

280 2174 553 2245 imffithuelgeglssilgm
626 2173 787 2208 Certum
830 2185 924 2220 ergo
965 2181 1022 2208 est
1055 2174 1162 2221 quod
1196 2181 1253 2210 est
1286 2174 1381 2209 dare
1414 2180 1608 2220 quantum
1644 2171 1780 2219 regula
1813 2183 1882 2207 na-

303 2249 334 2272 to
350 2252 424 2306 ἧῃεῃ
446 2243 517 2270 both
568 2237 655 2265 ture
689 2230 782 2266 sinit
815 2230 1000 2267 homines
1034 2230 1262 2267 inordinate
1295 2229 1428 2278 vagari
1463 2230 1502 2265 in
1535 2229 1680 2266 talibus
1715 2228 1882 2265 edificiis

286 2280 317 2307 in
337 2284 346 2306 t
373 2279 398 2306 is
419 2282 538 2313 respect

287 2315 345 2341 and
368 2322 400 2341 as
421 2312 548 2348 regards
569 2296 605 2323 et
650 2288 949 2325 curiositatibus
997 2288 1372 2333 instrumentorum,
1426 2287 1769 2331 indumentorum,
1822 2287 1914 2323 vel?

317 2383 322 2387 .
350 2356 477 2376 curlous

316 2386 527 2417 Instruments,

640 2453 667 2487 s),
689 2461 714 2488 7.
737 2453 838 2480 fortine
860 2454 891 2480 Β.
966 2461 1006 2481 10.
1028 2453 1064 2480 ad
1087 2453 1268 2480 discendum
1291 2453 1323 2480 B.
1399 2451 1436 2480 13.
1459 2437 1585 2480 nio‘coes
1605 2453 1637 2480 Β.
1711 2460 1742 2479 22
1775 2434 1829 2479 usis
1851 2452 1882 2478 Β.

570 2518 614 2546 27.
641 2501 706 2545 93oe
726 2511 757 2538 B.

641 2593 672 2634 6,
700 2605 730 2635 7.
762 2594 817 2626 De
838 2594 1068 2636 fortitudine.
1107 2594 1193 2626 This
1232 2594 1390 2636 example
1422 2604 1544 2625 occurs
1576 2600 1609 2624 at
1643 2603 1740 2624 more
1765 2592 1883 2634 length

573 2641 606 2671 in
638 2640 738 2672 other
762 2640 888 2674 works.
930 2641 1123 2672 Mediaeval
1150 2640 1405 2682 philosophers,
1449 2640 1612 2681 debating
1637 2639 1695 2671 the
1721 2640 1883 2681 question

572 2686 738 2726 whether,
772 2686 799 2718 if
820 2686 878 2718 the
898 2686 1015 2719 whole
1040 2686 1171 2718 human
1204 2697 1280 2718 race
1305 2686 1478 2728 perished,
1505 2692 1626 2728 except
1651 2696 1718 2717 one
1742 2695 1883 2717 woman

573 2733 607 2764 in
642 2743 660 2764 a
697 2739 783 2764 state
821 2732 861 2764 of
889 2743 1097 2776 preguancy,
1139 2733 1200 2765 she
1233 2734 1335 2765 could
1369 2733 1527 2775 possibly
1560 2733 1615 2764 die
1641 2743 1681 2763 or
1706 2732 1883 2774 miscarry,

575 2780 718 2810 decided
746 2780 769 2810 it
796 2780 1002 2822 negatively,
1051 2780 1198 2811 because
1231 2779 1292 2811 she
1318 2780 1437 2811 would
1470 2779 1512 2810 be
1539 2788 1723 2820 necessary
1750 2777 1802 2809 for
1826 2777 1883 2808 the

575 2826 746 2857 existence
772 2825 811 2856 of
831 2825 889 2856 the
915 2826 1059 2867 species.

1892 845 1929 868 Π)

1892 1127 1930 1160 15

1904 1302 1930 1333 B
1946 1299 2007 1332 82¹³

1891 1427 1933 1449 20

1895 1708 1933 1740 25

1897 1998 1938 2030 30
