2083 3287
133 586 149 617 5

110 884 148 905 10

111 1161 145 1192 15

168 244 257 271 CAP.
279 243 358 270 VIII.
733 244 916 275 LOGICA.

226 354 273 387 Et
313 364 356 387 ex
394 351 477 387 istis
518 359 625 398 patet
665 350 759 398 quid
792 352 1008 386 tenendum
1043 359 1111 396 est,
1160 354 1216 387 2¹¹l
1252 362 1383 386 meum
1418 351 1472 386 vi-

167 411 271 455 dere,
319 410 358 444 in
397 408 530 451 dubio,
578 418 614 444 et
652 409 856 456 quomodo
896 409 1222 455 respondendum
1263 417 1319 444 est
1357 421 1472 456 argu—

167 466 323 503 mentis.
375 469 462 502 Non
495 465 598 501 enim
635 474 691 501 est
723 465 1020 510 inconveniens,
1067 467 1134 501 sed
1167 478 1319 508 verum,
1365 467 1471 513 quod

166 524 270 560 idem
305 536 519 560 commune
552 532 683 571 potest
716 523 858 568 redire,
893 523 1058 572 intendi,
1092 532 1129 558 et
1162 522 1324 560 remitti.
1370 526 1471 559 Nam

165 593 402 630 quecunque
440 581 584 617 veritas
623 581 756 628 primo
789 581 1014 628 significata
1047 593 1117 628 per
1150 580 1378 617 oracionem
1414 581 1472 616 in-

165 639 359 675 finitivam
393 648 450 674 est
483 638 708 674 communis
742 640 790 674 ad
825 638 1000 682 infinita;
1040 647 1083 674 ut
1116 651 1175 674 me
1207 651 1379 684 currere,
1411 639 1472 674 vel

165 709 245 733 esse
288 697 456 733 calidum
497 705 554 732 est
593 708 808 732 commune
847 697 896 732 ad
936 709 995 732 me
1034 708 1197 732 currere
1228 696 1304 732 isto
1338 709 1470 741 cursu,

164 755 225 790 vel
256 754 347 801 isto,
386 755 447 790 vel
479 754 573 799 isto;
621 763 656 798 et
689 754 744 790 sic
777 755 824 789 de
857 753 1073 800 similibus3
1108 762 1144 790 et
1177 766 1237 789 me
1268 766 1349 790 esse
1381 754 1473 789 cali-

164 813 254 852 dum
295 812 371 849 ista
410 811 626 857 caliditate,
672 813 732 848 vel
765 811 858 856 ista3
906 820 942 847 et
973 811 1028 847 sic
1062 813 1108 847 de
1141 810 1351 847 similibus.
1406 813 1474 847 Est

163 878 298 906 tamen
332 871 427 905 dare
461 869 680 917 singularia
712 869 934 916 significata
968 882 1039 917 per
1071 870 1292 915 abstracta;
1328 869 1472 916 quibus

165 926 369 974 accipiunt
401 926 559 963 infinita
592 935 702 974 actu3
744 939 821 974 que
854 926 990 963 omnia
1023 935 1228 974 ponuntur
1261 928 1308 962 de
1343 926 1473 962 infini-

163 984 242 1021 tiva
275 984 461 1021 oracione
496 994 715 1021 contracta.

221 1043 298 1078 Sed
330 1055 402 1089 pro
435 1042 757 1078 individuacione
790 1042 1081 1089 privacionum,
1116 1042 1334 1078 notandum
1367 1042 1475 1089 quod

163 1099 466 1135 individuantur
499 1113 521 1136 a
553 1099 632 1136 suis
655 1099 872 1147 privativis,
905 1109 947 1135 ut
971 1113 993 1136 a
1015 1099 1194 1135 subiecto
1218 1107 1256 1135 et
1277 1108 1472 1146 tempore,

164 1166 201 1193 et
241 1170 262 1193 a
302 1157 609 1205 quibuscunque
649 1157 729 1193 suis
762 1157 983 1208 principiis,
1029 1158 1169 1194 saltem
1206 1160 1262 1192 2m
1297 1169 1381 1192 esse
1414 1156 1471 1192 in—

163 1215 387 1262 telligibile:
434 1224 476 1250 ut
515 1215 592 1251 alia
633 1224 690 1251 est
728 1215 905 1262 privacio
938 1217 970 1250 A
1011 1215 1179 1251 materie
1214 1223 1250 1250 et
1284 1213 1361 1250 alia
1395 1214 1473 1261 pri-

163 1273 277 1309 vacio
311 1274 339 1307 B
374 1272 552 1315 materie,
593 1281 758 1320 propter
790 1272 1061 1308 diversitatem
1095 1272 1388 1318 subiectorum;
1438 1280 1475 1308 et

164 1330 271 1366 aliud
316 1339 373 1366 est
405 1330 616 1366 materiam
651 1342 786 1366 carere
818 1332 847 1366 B
882 1331 1010 1366 forma
1044 1339 1080 1366 et
1113 1330 1220 1366 aliud
1254 1339 1310 1366 est
1343 1329 1473 1376 ipsum

163 1400 297 1424 carere
331 1390 360 1425 C
393 1389 534 1438 forma,
580 1388 671 1435 quia
706 1390 734 1423 B
784 1388 913 1423 forma
957 1387 1088 1423 differt
1127 1400 1149 1423 a
1182 1389 1211 1424 C
1253 1388 1381 1424 forma
1416 1390 1473 1424 2m

162 1458 244 1481 esse
292 1445 500 1494 possibile3
549 1454 585 1480 et
629 1458 698 1493 per
742 1445 847 1481 idem
888 1445 1192 1481 individuantur
1231 1458 1252 1481 a
1292 1454 1474 1492 tempore

162 1503 264 1539 sicut
308 1516 378 1540 sua
426 1502 609 1551 positiva.
664 1505 717 1538 Ex
756 1503 831 1538 isto
869 1503 1026 1539 videtur
1064 1504 1170 1551 quod
1211 1502 1321 1550 quies
1355 1503 1474 1538 habet

162 1570 295 1608 partes
335 1561 575 1608 successivas
616 1565 673 1597 2m
707 1574 804 1608 quas
841 1569 1094 1596 mensuratur
1127 1569 1323 1608 tempore,
1370 1559 1473 1596 sicut

163 1628 307 1655 motus.
360 1621 462 1654 Nam
507 1630 749 1666 unaqueque
794 1631 885 1666 pars
926 1627 1057 1654 motus
1096 1627 1191 1654 nata
1232 1627 1289 1653 est
1321 1618 1471 1665 opponi

161 1689 229 1713 sue
273 1676 436 1725 proprie
484 1676 629 1724 quieti3
676 1684 718 1712 ut
758 1685 889 1712 motus
929 1678 957 1711 B
996 1685 1177 1723 tempore
1217 1684 1471 1712 mensuratus

131 1737 141 1742 ’
161 1747 242 1770 non
275 1743 404 1782 potest
427 1734 590 1782 opponi,
625 1733 700 1769 nisi
723 1733 847 1781 quieti
869 1747 941 1781 pro
966 1735 1105 1769 eodem
1130 1743 1322 1781 tempore.
1358 1735 1471 1770 Unde

123 1798 136 1809 ³
161 1792 369 1840 opposicio
407 1792 466 1828 vel
499 1791 769 1839 repugnancia
808 1791 912 1827 inter
950 1791 1173 1838 significata
1201 1791 1205 1841 Ι
1234 1804 1314 1827 non
1358 1790 1471 1838 ponit

160 1849 227 1885 illa
266 1851 384 1886 ambo
423 1849 542 1885 simul
587 1848 818 1895 existencia3
864 1850 932 1884 sed
977 1862 1100 1884 unum
1147 1848 1261 1896 ponit
1294 1857 1330 1885 et
1362 1848 1470 1884 aliud

162 1907 343 1943 destruit.
385 1909 439 1943 Ex
472 1920 550 1955 quo
583 1915 692 1955 patet
725 1908 834 1954 quod
867 1906 979 1955 quies
1013 1915 1069 1942 est
1101 1907 1219 1954 longa
1253 1910 1310 1943 ΖΓΗ
1343 1905 1469 1953 longi-

161 1964 344 2000 tudinem
390 1964 598 2012 temporis,
645 1965 793 2001 habens
838 1973 971 2012 partes
1016 1964 1257 1999 successivas
1297 1963 1469 2011 tempori

162 2024 537 2070 correspondentes,
573 2032 609 2059 et
641 2035 711 2070 per
740 2034 988 2069 consequens
1011 2021 1256 2068 impossibile
1281 2030 1337 2057 est
1360 2021 1468 2069 quie—

161 2090 240 2116 tem
265 2092 347 2116 esse
385 2080 468 2116 sine
501 2089 694 2128 tempore,
730 2080 761 2116 si
793 2092 873 2115 non
907 2079 1097 2127 equivoce
1131 2078 1180 2115 sit
1213 2079 1336 2127 quies.
1392 2080 1468 2115 Sed

161 2138 245 2174 istis
278 2138 383 2175 satis.

220 2197 369 2232 Contra
413 2195 592 2243 predicta
640 2197 687 2231 de
732 2194 909 2231 bonitate
947 2194 1237 2242 Consequencie
1276 2193 1468 2241 arguitur.

161 2253 328 2289 Videtur
360 2252 463 2289 enim
497 2252 607 2301 sequi
642 2265 684 2288 ex
718 2252 845 2297 dictis,
880 2253 987 2299 quod
1010 2252 1132 2288 homo
1156 2251 1205 2287 sit
1229 2250 1376 2297 asinus,
1411 2252 1471 2287 vel

164 2311 368 2359 quodlibet
390 2310 570 2357 volitum,
605 2310 779 2358 probari.
813 2312 913 2346 Nam
947 2310 980 2345 si
1010 2310 1082 2346 ista
1115 2309 1383 2357 conseqztencicz
1416 2316 1472 2345 est

235 2482 286 2515 35.
313 2482 399 2513 This
426 2488 620 2524 a1·,g1.11nent
655 2493 690 2512 as
717 2481 851 2523 Wyclif
873 2481 1018 2512 himself
1040 2492 1128 2523 sais,
1167 2491 1243 2511 serx
1249 2490 1284 2511 es
1311 2487 1345 2511 to
1373 2480 1471 2521 b1ing

164 2530 196 2560 in
238 2529 297 2560 the
335 2529 498 2570 question
530 2529 586 2560 De
625 2528 878 2566 Insolubilibzcs,
918 2538 984 2558 one
1023 2527 1063 2558 of
1096 2508 1153 2557 tlie
1192 2530 1285 2557 most
1327 2525 1472 2557 difficult

163 2576 279 2617 points
299 2576 332 2606 in
352 2575 442 2616 logie
462 2581 494 2605 at
519 2574 589 2605 that
610 2575 702 2611 time,
730 2575 795 2604 and
825 2573 877 2604 fot
895 2573 1008 2604 which
1034 2573 1077 2604 he
1100 2583 1270 2614 p1oposes
1298 2583 1315 2603 a
1342 2572 1471 2612 special

164 2621 327 2652 solution.
355 2621 381 2651 It
399 2631 477 2663 may
497 2621 538 2651 be
557 2621 665 2651 stated
685 2599 780 2650 t'hus:
808 2621 847 2661 If
859 2620 915 2651 the
927 2624 1072 2661 present
1092 2619 1316 2660 proposition
1336 2619 1363 2650 is
1383 2623 1470 2657 true,

163 2677 240 2708 you
267 2677 329 2699 are
353 2677 398 2698 an
425 2677 503 2705 ass;
535 2666 592 2697 the
620 2665 785 2697 defendes
812 2672 903 2697 must
929 2665 1038 2696 either
1063 2666 1153 2707 deny
1179 2676 1220 2695 or
1244 2671 1342 2706 grant
1369 2665 1402 2695 it.
1446 2664 1476 2695 lf

163 2714 208 2744 hc
235 2714 353 2744 denies
380 2714 413 2751 it,
441 2714 464 2743 it
490 2712 629 2743 follows
656 2711 727 2742 that
753 2722 837 2742 even
871 2711 897 2742 if
919 2711 976 2742 the
1004 2712 1223 2752 proposition
1250 2712 1278 2742 is
1304 2718 1389 2749 true,
1428 2709 1471 2741 he

166 2761 192 2790 is
219 2765 280 2789 not
306 2769 348 2790 an
375 2769 447 2797 ass3
474 2759 541 2789 and
567 2758 646 2789 thus
672 2757 715 2789 lie
736 2758 852 2788 would
880 2764 911 2788 at
938 2756 995 2788 the
1022 2767 1117 2788 same
1142 2758 1224 2788 time
1252 2757 1292 2787 be
1319 2757 1384 2787 and
1413 2763 1472 2786 not

166 2806 207 2836 be
233 2804 305 2835 that
331 2805 469 2835 animal.
508 2804 537 2835 If
572 2815 617 2834 on
643 2803 700 2834 the
732 2810 902 2845 contrary,
943 2803 987 2834 lie
1018 2809 1135 2845 grains
1162 2803 1196 2842 it,
1238 2802 1281 2833 he
1314 2809 1428 2843 granis
1455 2812 1473 2832 a

166 2861 248 2893 very
275 2851 520 2882 inconvenient
546 2850 764 2891 proposition
793 2850 930 2880 indeed.

1298 2905 1332 2936 13

1686 237 1757 283 193

1527 360 1607 387 Suel]
1630 360 1655 386 is
1676 368 1726 398 m)

1533 394 1660 433 opinion
1683 403 1711 421 in

1522 430 1581 456 tlns
1603 433 1722 456 matter.

1500 464 1523 489 It
1544 464 1568 490 is
1589 465 1670 498 quite
1690 468 1755 491 true

1504 498 1568 525 that
1589 499 1638 525 the
1659 506 1743 526 same

1545 533 1697 560 universal

1527 568 1642 602 quality
1663 575 1719 606 can

1505 606 1608 628 return
1630 610 1729 636 again,

1521 636 1579 663 aud
1603 640 1727 663 become

1513 679 1598 697 more
1618 679 1652 698 or
1672 671 1732 697 less

1513 706 1630 732 intense
1650 705 1678 732 in
1700 705 1737 732 its

1521 740 1719 767 individuam.

1534 1039 1579 1065 As
1600 1039 1647 1066 l'or
1667 1039 1715 1066 the

1512 1073 1738 1101 individuation

1524 1107 1558 1134 of
1576 1108 1725 1141 privative

1550 1142 1702 1176 qualities,

1499 1176 1538 1203 its
1560 1177 1707 1211 principle
1727 1178 1752 1205 is

1506 1211 1536 1237 in
1557 1212 1621 1238 that
1641 1213 1741 1240 which

1499 1245 1568 1281 they
1587 1246 1757 1285 deprive—

1555 1280 1685 1319 subject

1540 1315 1625 1347 time
1646 1315 1707 1348 &03

1529 1349 1559 1376 in
1581 1337 1721 1378 diffeierit

1502 1384 1645 1419 subjects,
1667 1386 1750 1413 what

1518 1419 1544 1445 is
1564 1420 1659 1446 called
1681 1420 1732 1447 the

1497 1461 1580 1480 same
1601 1454 1752 1488 privation

1552 1488 1578 1515 is
1600 1489 1693 1525 really

1545 1523 1703 1556 different;

1518 1562 1579 1584 rest
1599 1566 1631 1584 as
1653 1559 1719 1585 well

1505 1599 1538 1618 as
1560 1598 1737 1620 movement

1488 1625 1513 1652 is
1534 1627 1696 1655 measured
1718 1628 1756 1663 by

1582 1661 1665 1689 time.

1572 1695 1671 1729 Every

1498 1736 1675 1758 movement
1695 1732 1750 1759 lias

1515 1764 1552 1791 its
1573 1767 1716 1800 opposite

1561 1805 1637 1832 rest:
1659 1809 1693 1828 50

1493 1840 1668 1862 movement
1687 1835 1717 1863 in
1738 1844 1754 1863 a

1521 1869 1634 1896 certain
1654 1870 1727 1897 time

1503 1902 1529 1929 is
1550 1905 1688 1938 opposed
1709 1909 1738 1931 to

1527 1942 1588 1964 rest
1608 1938 1637 1965 in
1658 1939 1723 1966 that

1527 1980 1610 1999 same
1631 1974 1713 2000 time.

1496 2005 1576 2041 Resr,
1598 2010 1744 2044 propeily

1491 2049 1525 2067 so
1546 2042 1651 2075 called
1674 2048 1757 2071 must

1510 2076 1577 2102 take
1599 2077 1681 2109 place
1701 2078 1732 2105 in

1580 2111 1664 2139 time.

1517 2204 1575 2239 Obj
1580 2205 1677 2231 ection
1699 2209 1729 2231 to

1502 2239 1552 2266 the
1568 2213 1739 2274 preceding

1550 2273 1700 2301 doctrine.
