2083 3287
294 222 368 269 176

300 344 368 372 The
389 342 554 371 minimum

306 380 340 407 of
356 377 538 406 intellectual

324 414 404 448 sight
425 413 450 439 is
470 413 521 438 the

312 449 408 475 union
429 446 463 474 ot*
480 451 541 473 two

307 481 533 510 mathematical

372 517 485 552 points.

290 552 391 580 There
411 551 437 578 is
456 551 522 577 also
543 557 559 576 a

319 586 482 614 minimum
504 585 537 611 ot'

302 622 407 657 bodily
426 620 545 658 vision3

325 657 372 684 for
394 655 524 688 nothing

325 699 380 718 can
404 691 439 717 be
460 697 530 716 seen

296 724 477 759 confusedly
497 724 561 750 that

318 760 408 787 could
431 763 481 786 not
503 759 538 785 be

293 804 364 822 seen
386 793 560 829 distinctly;

359 830 431 857 thus
451 829 500 855 the

1006 226 1231 259 ,IOHANNIS
1256 225 1441 257 WYCLIF
1712 220 1799 248 CAP.
1822 219 1889 246 VII.

637 333 921 382 Compositum
963 345 1056 381 ergo
1095 345 1138 369 ex
1177 333 1333 369 duobus
1372 344 1456 368 non
1490 331 1651 380 quantis
1685 340 1742 368 est
1775 330 1891 367 mini-

582 405 690 429 mum
743 393 851 440 quod
899 399 1030 440 potest
1082 390 1409 427 intellectualiter
1452 389 1591 426 videri.
1644 391 1713 425 Est
1757 397 1891 425 autem

578 450 713 487 videre
766 449 805 485 in
859 447 1066 485 communi
1119 449 1421 497 apprehendere
1472 447 1629 484 visibile
1673 446 1893 483 inmediate

578 508 724 545 virtute
763 506 905 553 visiva;
952 516 989 543 et
1028 506 1083 543 sic
1123 515 1180 543 est
1214 508 1308 543 dare
1342 505 1553 542 minimum
1589 504 1745 542 visibile
1777 517 1894 541 sensu

582 565 781 611 exteriori,
815 574 858 601 ut
890 564 1141 613 superficiale
1165 564 1372 602 circulare.
1408 564 1456 600 Et
1478 563 1741 612 probabiliter
1763 570 1894 611 potest
1911 564 1926 595 5

581 624 659 660 dici
710 624 817 672 quod
862 622 986 659 nichil
1029 622 1187 659 videtur
1231 622 1365 671 aliqua
1408 622 1554 658 virtute
1594 621 1770 666 confuse,
1819 619 1895 656 nisi

582 682 690 730 quod
723 694 745 717 a
777 680 925 717 virtute
957 680 1048 717 talis
1082 679 1229 728 speciei
1263 679 1412 716 sufficit
1444 679 1570 716 videri
1604 679 1813 724 distincte,
1859 686 1897 714 ct

582 752 637 776 Sic
680 738 788 775 visus
836 738 1059 787 corporalis
1106 751 1188 775 non
1226 747 1357 786 potest
1395 737 1531 775 videre
1568 750 1651 774 non
1683 744 1896 785 quantum,

582 810 654 834 nec
687 796 961 844 compositum
995 798 1193 845 adequate
1226 809 1270 832 ex
1302 809 1382 832 non
1414 796 1576 844 quantis
1608 794 1725 831 nobis
1749 793 1896 841 finitis;

298 864 508 900 composition
530 862 564 889 of
583 856 652 891 sed
687 854 899 891 minimum
934 854 990 891 sic
1022 854 1177 891 visibile
1209 854 1367 890 videtur
1401 857 1457 889 2¹n
1492 852 1741 902 pyramidem
1766 851 1897 889 radia·
1918 864 1956 884 10

298 908 314 935 q
321 899 437 934 uantity
457 902 510 924 out
530 897 565 924 of

328 942 410 961 mere
430 933 532 968 points

320 969 410 996 could
432 971 485 994 not
506 967 541 993 be

313 1011 400 1036 seen3
421 1003 470 1030 for
489 1002 550 1029 this

293 1039 456 1066 minimum
477 1041 559 1064 must

301 1075 335 1101 be
356 1073 405 1101 the
426 1072 508 1099 basis
529 1072 564 1098 ot'
606 1087 612 1093 -

337 1116 353 1135 a
374 1107 515 1142 pyramid

310 1143 415 1170 whose
436 1150 512 1177 apex
533 1141 558 1168 is

341 1178 370 1205 in
391 1178 441 1204 the
461 1185 523 1212 eye.

323 1329 415 1356 Some
436 1326 543 1354 details

308 1364 402 1390 about
424 1362 474 1389 the
495 1370 557 1397 eye.

337 1800 356 1819 1.
377 1790 444 1819 The
465 1791 547 1825 eight

336 1829 339 1834 ‘
378 1826 504 1861 varying

346 1861 529 1888 intluences:

316 1896 404 1930 light,
426 1895 562 1922 distance

325 1934 355 1957 ot
376 1931 425 1957 the
446 1929 556 1963 object,

302 1966 340 1992 its
361 1965 508 2000 position,
528 1964 568 1991 its

373 2000 446 2033 size,
468 1999 507 2026 its

344 2035 477 2069 density,
498 2034 537 2061 its

356 2070 461 2105 shape,
482 2069 532 2095 the

326 2109 550 2139 transparency

312 2139 347 2166 of
362 2139 412 2166 the
433 2138 569 2166 medium

373 2173 432 2200 and
453 2174 504 2200 the

322 2209 458 2244 sanitary
479 2211 555 2234 state

350 2243 384 2270 of
401 2243 451 2270 the
471 2250 535 2277 eye,

389 2286 440 2304 are
460 2278 497 2305 all

322 2311 436 2340 sactors
456 2312 486 2339 in
507 2311 558 2338 the

324 2352 371 2374 act
391 2347 425 2374 of
442 2346 554 2374 vision.

581 913 674 958 lem,
721 912 833 949 cuius
873 912 978 949 basis
1019 921 1077 949 est
1115 912 1155 948 in
1187 911 1270 948 viso
1305 921 1341 948 et
1375 924 1500 948 conus
1533 912 1573 948 in
1607 919 1744 948 centro
1778 909 1897 947 oculi.

583 974 631 1007 Et
670 980 960 1019 consequenter
982 971 1215 1019 ponendum
1235 979 1292 1006 est
1313 971 1420 1018 quod
1454 978 1510 1006 est
1543 971 1638 1006 dare
1671 967 1900 1005 remississi-

585 1042 694 1065 mum
723 1030 891 1076 gradum
926 1028 1199 1077 cuiuscunque
1232 1028 1290 1065 gio
1325 1027 1730 1065 circumstanciarum
1764 1027 1814 1063 ad
1845 1025 1901 1062 vi-

584 1099 736 1124 S1onem
772 1087 1121 1133 concurrendum,
1155 1095 1192 1123 et
1223 1085 1423 1134 optimum
1457 1087 1626 1135 gradum
1651 1083 1899 1133 possibilem,

586 1155 623 1182 et
667 1157 738 1193 per
785 1157 1037 1193 consequens
1070 1143 1397 1182 remississimurn
1432 1146 1599 1192 gradum
1635 1143 1798 1180 confuse
1823 1141 1958 1178 «veli5

586 1203 772 1240 distincte
803 1202 980 1249 videndi,
1021 1202 1088 1252 qui
1122 1204 1269 1251 gradus
1303 1211 1361 1239 est
1394 1202 1526 1239 subito
1560 1200 1818 1250 generabilis:
1865 1208 1902 1236 et

585 1269 695 1309 patet
728 1260 936 1309 responsio
969 1262 1019 1297 ad
1053 1261 1148 1299 6³¹¹¹.

644 1321 748 1355 Nota
780 1328 916 1355 tamen
950 1320 1057 1367 quod
1090 1331 1163 1355 nec
1196 1331 1393 1367 organum
1423 1330 1498 1355 nec
1520 1330 1659 1355 sensus
1681 1316 1801 1362 videt,
1834 1316 1904 1352 sed

587 1376 737 1414 animal
771 1390 924 1425 organo
956 1385 994 1413 et
1016 1376 1174 1422 virtute,
1210 1376 1285 1413 nisi
1309 1377 1412 1413 forte
1436 1377 1569 1413 videre
1591 1376 1640 1412 sit
1665 1374 1902 1423 equivocum

587 1436 635 1472 ad
677 1435 851 1484 recipere
887 1435 1051 1485 speciem
1093 1435 1252 1471 visibilis
1283 1443 1321 1471 et
1352 1436 1402 1471 ad
1435 1435 1731 1483 apprehendere
1764 1432 1906 1468 virtute
1921 1446 1964 1467 20

587 1493 708 1529 visiva
754 1493 924 1529 dandum
971 1493 1129 1530 visibile.
1184 1494 1262 1530 Sed
1307 1493 1401 1542 quia
1443 1491 1544 1529 visio
1589 1490 1809 1540 corporalis
1849 1498 1905 1526 est

589 1551 766 1587 medium
811 1552 862 1587 ad
906 1550 1101 1587 visionem
1143 1550 1461 1599 ymaginativam
1500 1559 1538 1587 et
1576 1548 1906 1595 intellectualem,

588 1621 745 1646 necnon
784 1617 820 1645 et
852 1609 1037 1645 subtilior
1076 1609 1180 1646 inter
1224 1609 1322 1646 alias
1367 1609 1619 1646 sensaciones
1664 1621 1711 1645 ac
1742 1606 1905 1656 propin-

589 1667 705 1716 quior
728 1666 962 1713 intellectui,
996 1666 1087 1704 ideo
1120 1667 1387 1715 perstringam
1422 1667 1576 1715 aliquas
1609 1678 1759 1715 paucas
1791 1673 1907 1701 notas

590 1739 631 1762 1n
664 1733 739 1761 lsta
773 1733 956 1762 materia.
1924 1726 1963 1758 οὗ

651 1783 787 1819 Primo
826 1783 915 1820 dico
955 1784 1064 1832 quod
1103 1783 1153 1820 ad
1192 1782 1388 1820 visionem
1429 1784 1673 1831 respondent
1705 1790 1799 1818 octo
1834 1779 1907 1816 cir-

594 1840 854 1891 cumstancie,
902 1845 959 1877 2ΠΙ
999 1854 1170 1890 quarum
1211 1840 1481 1878 variacionem
1521 1840 1728 1878 variantur
1759 1840 1907 1887 gradus

593 1898 792 1936 visionum
828 1908 865 1935 et
898 1898 1044 1935 erroris
1077 1899 1118 1935 in
1150 1898 1303 1935 visione
1336 1898 1680 1947 contingencium.
1728 1897 1908 1934 Circum-

593 1957 747 1994 stancie
778 1969 872 1993 vero
901 1966 992 1993 sunt
1015 1957 1106 1993 iste:
1140 1957 1216 2003 lux,
1251 1957 1462 2002 distancia‚
1496 1957 1595 1994 situs
1617 1954 1907 2005 opposicionis,

596 2015 831 2063 magnitudo
875 2014 1053 2061 visibilis,
1108 2015 1284 2051 densitas
1328 2015 1506 2062 visibilis,
1560 2015 1687 2063 figura
1730 2013 1909 2058 visibilis,
1925 2017 1967 2049 30

594 2072 884 2121 dyaphaneitas
918 2072 1051 2119 medii,
1086 2081 1246 2122 tempus
1271 2073 1526 2119 conveniens,
1560 2082 1597 2110 et
1619 2072 1768 2110 sanitas
1790 2070 1909 2110 oculi.

595 2131 819 2167 Cuiuslibet
852 2140 983 2167 autem
1018 2130 1188 2167 istorum
1223 2140 1281 2168 est
1314 2133 1410 2168 dare
1443 2133 1612 2179 gradum
1637 2142 1795 2167 summe
1819 2141 1912 2165 con-

593 2188 798 2225 veniencie
831 2190 880 2224 ad
913 2189 1119 2235 visionem,
1155 2199 1192 2225 et
1224 2190 1392 2238 gradum
1428 2189 1594 2226 minime
1628 2186 1912 2226 conveniencie

595 2248 646 2283 ad
683 2246 894 2292 visionem,
941 2255 978 2283 et
1018 2250 1076 2283 2m
1109 2246 1381 2284 variacionem
1423 2249 1621 2296 graduum
1655 2247 1696 2283 in
1728 2245 1813 2283 istis
1846 2257 1912 2281 va-

596 2304 751 2342 riantur
783 2305 930 2353 gradus
963 2304 1300 2353 apparenciarum
1333 2305 1564 2342 visibilium.
1929 2305 1969 2338 35

655 2367 700 2400 20
746 2371 842 2399 nota
893 2364 1002 2411 quod
1048 2373 1098 2399 20
1151 2372 1242 2400 sunt
1298 2363 1501 2400 sensibilia
1553 2362 1803 2410 communia3
1855 2369 1912 2408 ut,

597 2420 789 2467 remocio,
839 2420 1089 2471 magnitudo,
1133 2421 1246 2467 situs,
1293 2421 1555 2469 corporeitas,
1604 2421 1744 2470 figura,
1791 2418 1914 2456 conti-

598 2478 741 2526 gustas,
794 2478 1017 2526 separacio,
1070 2491 1273 2526 numerus,
1328 2488 1475 2526 motus,
1528 2479 1653 2528 quies,
1707 2478 1916 2528 asperitas,

598 2536 751 2583 levitas,
797 2536 1101 2584 dyaphaneitas,
1147 2537 1335 2582 densitas,
1369 2539 1525 2584 umbra,
1559 2536 1796 2583 obscuritas,
1830 2536 1916 2584 pul-

600 2593 771 2639 critudo,
795 2594 1042 2645 deformitas,
1065 2594 1379 2642 consimilitudo,
1407 2605 1443 2632 et
1465 2594 1687 2632 diversitas.
1721 2593 1914 2631 Omnium
1929 2605 1974 2636 40

671 2794 696 2814 2.
716 2786 813 2814 intbnr
828 2786 862 2820 (Ρ)
886 2787 918 2813 ss.
1048 2794 1075 2821 9.
1096 2786 1143 2813 iit‘2
1165 2786 1198 2813 B.
1316 2795 1349 2813 11.
1372 2794 1450 2822 cono
1473 2787 1504 2814 Β.
1627 2785 1664 2813 13.
1685 2773 1858 2817 cofifiiciary
1885 2786 1916 2813 B.

603 2854 646 2882 23.
669 2855 820 2882 subtilior*
842 2855 874 2881 Β.
968 2855 1013 2889 20,
1034 2862 1079 2890 27.
1101 2842 1243 2882 cffisffine
1265 2855 1297 2882 Β.
1396 2855 1442 2891 37,
1464 2854 1508 2882 38.
1530 2840 1621 2890 oi‘nas
1637 2855 1667 2882 Β.
